<?xml version="1.0" encoding="UTF-8"?>
<collection><record><leader>02104nkm a2200409 a 4500</leader><controlfield tag="001">9978948700101488</controlfield><controlfield tag="005">20200503115436.0</controlfield><controlfield tag="008">110204q172u       nnn            ||lat d</controlfield><datafield tag="035" ind1=" " ind2=" "><subfield code="a">(BeLVLBS)007894870LBS01-Aleph</subfield></datafield><datafield tag="040" ind1=" " ind2=" "><subfield code="a">BeLVLBS</subfield><subfield code="b">Language of cataloging varies</subfield><subfield code="e">rda based</subfield></datafield><datafield tag="245" ind1="0" ind2="0"><subfield code="a">Insignis Ecclesia collegiata D.Petri Lovanii</subfield><subfield code="b">Zijaanzicht en vooraanzicht met torens van Sint-Pieterskerk</subfield></datafield><datafield tag="260" ind1=" " ind2=" "><subfield code="c">1725</subfield><subfield code="d">datum onzeker</subfield></datafield><datafield tag="300" ind1=" " ind2=" "><subfield code="c">voorstelling: 352 x 434 mm.</subfield><subfield code="c">voorstelling met opschrift: 354 x 434 mm.</subfield></datafield><datafield tag="336" ind1=" " ind2=" "><subfield code="a">still image</subfield><subfield code="2">rdacontent</subfield></datafield><datafield tag="337" ind1=" " ind2=" "><subfield code="a">unmediated</subfield><subfield code="2">rdamedia</subfield></datafield><datafield tag="338" ind1=" " ind2=" "><subfield code="a">card</subfield><subfield code="2">rdacarrier</subfield></datafield><datafield tag="340" ind1=" " ind2=" "><subfield code="a">Graphic</subfield></datafield><datafield tag="340" ind1=" " ind2=" "><subfield code="o">Black-and-white ;</subfield></datafield><datafield tag="500" ind1=" " ind2=" "><subfield code="a">Titel gecreëerd door catalograaf</subfield></datafield><datafield tag="500" ind1=" " ind2=" "><subfield code="a">zie TB00204</subfield></datafield><datafield tag="580" ind1=" " ind2=" "><subfield code="a">Illustratie uit: Cornelius Van Gestel, Historia sacra et profana archiepiscopatus Mechliniensis, Hagae Comitum, Chr. Van Lom, 1725</subfield></datafield><datafield tag="545" ind1=" " ind2=" "><subfield code="a">Rechts: zijaanzicht op werkelijke toestand van de kerk met onafgewerkte torens. Op de voorgrond koetsen en personen in 18de-eeuwse klederdracht. Links: vooraanzicht met gefantaseerde afwerking van de voorgevel met drie torens.</subfield></datafield><datafield tag="542" ind1=" " ind2=" "><subfield code="l">public domain</subfield><subfield code="n">available as open data</subfield><subfield code="u">gebruiksvoorwaarden</subfield></datafield><datafield tag="650" ind1=" " ind2="7"><subfield code="2">KUL</subfield><subfield code="a">VoL Gebouw</subfield><subfield code="x">Leuven, Sint-Pieterskerk</subfield></datafield><datafield tag="650" ind1=" " ind2="7"><subfield code="2">KUL</subfield><subfield code="a">VoL Gebtype</subfield><subfield code="x">kerken (kerkgebouwen)</subfield></datafield><datafield tag="653" ind1=" " ind2="6"><subfield code="a">Topographical pictures</subfield></datafield><datafield tag="700" ind1="1" ind2=" "><subfield code="a">Harrewijn, Jacobus</subfield><subfield code="d">1660-after 1732</subfield><subfield code="g">Dutch engraver</subfield><subfield code="4">art</subfield><subfield code="3">engraver</subfield></datafield><datafield tag="775" ind1="1" ind2="8"><subfield code="w">(BeLVLBS)001090018LBS01-Aleph</subfield><subfield code="t">In: Historia sacra et profana archiepiscopatus Mechliniensis ...</subfield><subfield code="4">776</subfield></datafield><datafield tag="830" ind1="1" ind2="0"><subfield code="a">Leuven. Religieuze gebouwen</subfield></datafield><datafield tag="856" ind1="4" ind2=" "><subfield code="u">http://resolver.libis.be/IE980491/representation</subfield><subfield code="y">KU Leuven Libraries BIBC BRES TB00308</subfield></datafield><datafield tag="856" ind1="4" ind2=" "><subfield code="u">http://resolver.libis.be/IE980330/representation</subfield><subfield code="y">KU Leuven Libraries BIBC BRES TB00204</subfield></datafield><datafield tag="900" ind1=" " ind2=" "><subfield code="a">NO DEDUP</subfield></datafield><datafield tag="950" ind1=" " ind2=" "><subfield code="b">engraving(s)</subfield></datafield><datafield tag="957" ind1=" " ind2=" "><subfield code="a">oMnIa CaDUnt</subfield><subfield code="b">in de voorstelling: midden, centraal</subfield></datafield><datafield tag="957" ind1=" " ind2=" "><subfield code="a">Insignis Ecclesia Collegiata D.Petri Lovanii</subfield><subfield code="b">in de voorstelling: bovenaan, rechts</subfield></datafield><datafield tag="957" ind1=" " ind2=" "><subfield code="a">cijfers voor hoogteaanduidingen</subfield><subfield code="b">in de voorstelling: links, verspreid</subfield></datafield><datafield tag="957" ind1=" " ind2=" "><subfield code="a">T.1 P.150</subfield><subfield code="b">buiten de voorstelling: bovenaan, rechts</subfield></datafield><datafield tag="957" ind1=" " ind2=" "><subfield code="a">J. Harrewijn Sculp.</subfield><subfield code="b">buiten de voorstelling: onderaan, rechts</subfield></datafield><datafield tag="981" ind1=" " ind2=" "><subfield code="a">Digital title KU Leuven Libraries</subfield></datafield></record>