<record><leader>01800nkm a2200373 a 4500</leader><controlfield tag="001">9980102300101488</controlfield><controlfield tag="005">20200503115351.0</controlfield><controlfield tag="008">110204q17uu    xx nnn            ||ger d</controlfield><datafield tag="035" ind1=" " ind2=" "><subfield code="a">(BeLVLBS)008010230LBS01-Aleph</subfield></datafield><datafield tag="040" ind1=" " ind2=" "><subfield code="a">BeLVLBS</subfield><subfield code="b">Language of cataloging varies</subfield><subfield code="e">rda based</subfield></datafield><datafield tag="245" ind1="0" ind2="0"><subfield code="a">Löven</subfield></datafield><datafield tag="260" ind1=" " ind2=" "><subfield code="c">1701-1800</subfield></datafield><datafield tag="260" ind1=" " ind2=" "><subfield code="e">Augsburg :</subfield><subfield code="f">Gabriel Bodenehr.</subfield></datafield><datafield tag="300" ind1=" " ind2=" "><subfield code="c">voorstelling: 147 x 195 mm</subfield><subfield code="c">voorstelling met opschrift: 157 x 288 mm.</subfield></datafield><datafield tag="336" ind1=" " ind2=" "><subfield code="a">still image</subfield><subfield code="2">rdacontent</subfield></datafield><datafield tag="337" ind1=" " ind2=" "><subfield code="a">unmediated</subfield><subfield code="2">rdamedia</subfield></datafield><datafield tag="338" ind1=" " ind2=" "><subfield code="a">card</subfield><subfield code="2">rdacarrier</subfield></datafield><datafield tag="340" ind1=" " ind2=" "><subfield code="a">Graphic</subfield></datafield><datafield tag="340" ind1=" " ind2=" "><subfield code="o">Black-and-white ;</subfield></datafield><datafield tag="545" ind1=" " ind2=" "><subfield code="a">plattegrond van Leuven met cartouches met wapenschilden in beide bovenhoeken. Onderaan links staande figuur in antieke wapendracht en lege cartouche.</subfield></datafield><datafield tag="500" ind1=" " ind2=" "><subfield code="a">grote gelijkenis met TA00308</subfield></datafield><datafield tag="581" ind1=" " ind2=" "><subfield code="a">Jules Petit, Documents iconographiques et typographiques de la Bibliothèque royale de Belgique, Brussel-A'dam, 1877, p. 64 nr.78.</subfield></datafield><datafield tag="580" ind1=" " ind2=" "><subfield code="a">illustratie uit: Force d'Europe, oder Die Merkwürdigste und Fürnehmste..., verlegt und heraus gegeben von Gabriel Bodenehr, Augsburg, z.d.</subfield></datafield><datafield tag="542" ind1=" " ind2=" "><subfield code="l">public domain</subfield><subfield code="n">available as open data</subfield><subfield code="u">gebruiksvoorwaarden</subfield></datafield><datafield tag="653" ind1=" " ind2="6"><subfield code="a">Topographical pictures</subfield></datafield><datafield tag="700" ind1="1" ind2=" "><subfield code="a">Bodenehr, Gabriel</subfield><subfield code="4">art</subfield><subfield code="3">Gabriel Bodenehr I or II</subfield></datafield><datafield tag="830" ind1="1" ind2="0"><subfield code="a">Leuven. Plattegrond.</subfield></datafield><datafield tag="856" ind1="4" ind2=" "><subfield code="u">http://resolver.libis.be/IE979063/representation</subfield><subfield code="y">KU Leuven Libraries BIBC BRES TA00002</subfield></datafield><datafield tag="900" ind1=" " ind2=" "><subfield code="a">NO DEDUP</subfield></datafield><datafield tag="950" ind1=" " ind2=" "><subfield code="b">etching(s)</subfield></datafield><datafield tag="957" ind1=" " ind2=" "><subfield code="a">LÖVEN</subfield><subfield code="b">in de voorstelling: bovenaan, centraal</subfield></datafield><datafield tag="957" ind1=" " ind2=" "><subfield code="a">93</subfield><subfield code="b">buiten de voorstelling: bovenaan, rechts</subfield></datafield><datafield tag="957" ind1=" " ind2=" "><subfield code="a">G. Bodenehr fec. et . exc. a.V.</subfield><subfield code="b">buiten de voorstelling: onderaan, rechts</subfield></datafield><datafield tag="957" ind1=" " ind2=" "><subfield code="a">beschrijving van Leuven met legende</subfield><subfield code="b">buiten de voorstelling: links en rechts, met vervolg binnen de voorstelling, rechts</subfield></datafield><datafield tag="981" ind1=" " ind2=" "><subfield code="a">Digital title KU Leuven Libraries</subfield></datafield></record>