<record><leader>01476nkm a2200337 a 4500</leader><controlfield tag="001">9980112850101488</controlfield><controlfield tag="005">20200503114733.0</controlfield><controlfield tag="008">110204q16uu    xx nnn            ||fre d</controlfield><datafield tag="035" ind1=" " ind2=" "><subfield code="a">(BeLVLBS)008011285LBS01-Aleph</subfield></datafield><datafield tag="040" ind1=" " ind2=" "><subfield code="a">BeLVLBS</subfield><subfield code="b">Language of cataloging varies</subfield><subfield code="e">rda based</subfield></datafield><datafield tag="245" ind1="0" ind2="0"><subfield code="a">Lovvain</subfield></datafield><datafield tag="260" ind1=" " ind2=" "><subfield code="c">1667</subfield><subfield code="3">onzeker datum</subfield></datafield><datafield tag="300" ind1=" " ind2=" "><subfield code="c">voorstelling: 103 x 150 mm.</subfield></datafield><datafield tag="336" ind1=" " ind2=" "><subfield code="a">still image</subfield><subfield code="2">rdacontent</subfield></datafield><datafield tag="337" ind1=" " ind2=" "><subfield code="a">unmediated</subfield><subfield code="2">rdamedia</subfield></datafield><datafield tag="338" ind1=" " ind2=" "><subfield code="a">card</subfield><subfield code="2">rdacarrier</subfield></datafield><datafield tag="340" ind1=" " ind2=" "><subfield code="a">Graphic</subfield></datafield><datafield tag="340" ind1=" " ind2=" "><subfield code="o">Black-and-white ;</subfield></datafield><datafield tag="545" ind1=" " ind2=" "><subfield code="a">Panoramisch zicht op Leuven. Links vooraan bomen, midden vooraan twee reizigers</subfield></datafield><datafield tag="500" ind1=" " ind2=" "><subfield code="a">mogelijk verband met publicatie: Sébastien de Pontault, seigneur de Beaulieu, Les plans et profils des principales villes et lieux considérables du Duché de Brabant. Avec la carte générale et les particulières de chaque gouvernement, Parijs, [1670].</subfield></datafield><datafield tag="542" ind1=" " ind2=" "><subfield code="l">public domain</subfield><subfield code="n">available as open data</subfield><subfield code="u">gebruiksvoorwaarden</subfield></datafield><datafield tag="653" ind1=" " ind2="6"><subfield code="a">Topographical pictures</subfield></datafield><datafield tag="650" ind1=" " ind2="7"><subfield code="2">KUL</subfield><subfield code="a">VoL Pano</subfield><subfield code="x">Leuven, panorama</subfield></datafield><datafield tag="700" ind1="1" ind2=" "><subfield code="a">Perelle, Adam</subfield><subfield code="d">ca. 1640-1695</subfield><subfield code="g">French engraver</subfield><subfield code="4">art</subfield><subfield code="3">engraver</subfield></datafield><datafield tag="830" ind1="1" ind2="0"><subfield code="a">Leuven. Panorama's.</subfield></datafield><datafield tag="856" ind1="4" ind2=" "><subfield code="u">http://resolver.libis.be/IE979098/representation</subfield><subfield code="y">KU Leuven Libraries BIBC BRES TA00051</subfield></datafield><datafield tag="900" ind1=" " ind2=" "><subfield code="a">NO DEDUP</subfield></datafield><datafield tag="950" ind1=" " ind2=" "><subfield code="b">etching(s)</subfield></datafield><datafield tag="957" ind1=" " ind2=" "><subfield code="a">LOVVAIN</subfield><subfield code="b">in de voorstelling: bovenaan, centraal, in banderol</subfield></datafield><datafield tag="957" ind1=" " ind2=" "><subfield code="a">AD.Perel Scul.</subfield><subfield code="b">in de voorstelling: onderaan, rechts</subfield></datafield><datafield tag="957" ind1=" " ind2=" "><subfield code="a">driemaal 'porte'</subfield><subfield code="b">in de voorstelling: verspreid</subfield></datafield><datafield tag="981" ind1=" " ind2=" "><subfield code="a">Digital title KU Leuven Libraries</subfield></datafield></record>