<record><leader>02450nkm a2200481 a 4500</leader><controlfield tag="001">9980117030101488</controlfield><controlfield tag="005">20200503114654.0</controlfield><controlfield tag="008">110204s1838    xx nnn            ||eng d</controlfield><datafield tag="035" ind1=" " ind2=" "><subfield code="a">(BeLVLBS)008011703LBS01-Aleph</subfield></datafield><datafield tag="040" ind1=" " ind2=" "><subfield code="a">BeLVLBS</subfield><subfield code="b">Language of cataloging varies</subfield><subfield code="e">rda based</subfield></datafield><datafield tag="245" ind1="0" ind2="0"><subfield code="a">Town Hall, Louvain/ La maison de ville â Louvain. Stadhuis te Leuven</subfield></datafield><datafield tag="260" ind1=" " ind2=" "><subfield code="c">1838</subfield></datafield><datafield tag="260" ind1=" " ind2=" "><subfield code="e">London</subfield><subfield code="f">George Virtue</subfield></datafield><datafield tag="260" ind1=" " ind2=" "><subfield code="c">1838</subfield></datafield><datafield tag="300" ind1=" " ind2=" "><subfield code="c">voorstelling: 99 x 147 mm</subfield><subfield code="c">voorstelling met opschrift: 118 x 147 mm.</subfield></datafield><datafield tag="336" ind1=" " ind2=" "><subfield code="a">still image</subfield><subfield code="2">rdacontent</subfield></datafield><datafield tag="337" ind1=" " ind2=" "><subfield code="a">unmediated</subfield><subfield code="2">rdamedia</subfield></datafield><datafield tag="338" ind1=" " ind2=" "><subfield code="a">card</subfield><subfield code="2">rdacarrier</subfield></datafield><datafield tag="340" ind1=" " ind2=" "><subfield code="a">Graphic</subfield></datafield><datafield tag="340" ind1=" " ind2=" "><subfield code="o">Black-and-white ;</subfield></datafield><datafield tag="545" ind1=" " ind2=" "><subfield code="a">Centraal het stadhuis met links het nieuwe gebouw voor de burgerwacht en helemaal rechts een deel van de Sint-Pieterskerk. Verschillende kleine figuren op de voorgrond. Markttaferelen. Exercerende leden van de burgerwacht.</subfield></datafield><datafield tag="580" ind1=" " ind2=" "><subfield code="a">illustratie uit: Nicolas Godfried Van Kampen, Views in Holland and Belgium, London, 1838</subfield></datafield><datafield tag="580" ind1=" " ind2=" "><subfield code="a">illustratie uit: Nicolas Godfried Van Kampen, Vues de la Hollande et de la Belgique, London, s.d.</subfield></datafield><datafield tag="542" ind1=" " ind2=" "><subfield code="l">public domain</subfield><subfield code="n">available as open data</subfield><subfield code="u">gebruiksvoorwaarden</subfield></datafield><datafield tag="650" ind1=" " ind2="7"><subfield code="2">KUL</subfield><subfield code="a">VoL Gebtype</subfield><subfield code="x">stadhuizen</subfield></datafield><datafield tag="650" ind1=" " ind2="7"><subfield code="2">KUL</subfield><subfield code="a">VoL Gebouw</subfield><subfield code="x">Leuven, Stadhuis</subfield></datafield><datafield tag="650" ind1=" " ind2="7"><subfield code="2">KUL</subfield><subfield code="a">VoL Straat</subfield><subfield code="x">Leuven, Grote Markt</subfield></datafield><datafield tag="650" ind1=" " ind2="7"><subfield code="2">KUL</subfield><subfield code="a">VoL Gebtype</subfield><subfield code="x">kerken (kerkgebouwen)</subfield></datafield><datafield tag="650" ind1=" " ind2="7"><subfield code="2">KUL</subfield><subfield code="a">VoL Gebouw</subfield><subfield code="x">Leuven, Sint-Pieterskerk</subfield></datafield><datafield tag="653" ind1=" " ind2="6"><subfield code="a">Topographical pictures</subfield></datafield><datafield tag="700" ind1="1" ind2=" "><subfield code="a">Payne, Albert Henry</subfield><subfield code="d">1812-1902</subfield><subfield code="g">British printmaker, printer, publisher, painter and draughtsman, active in Germany</subfield><subfield code="4">art</subfield><subfield code="3">engraver</subfield></datafield><datafield tag="700" ind1="1" ind2=" "><subfield code="a">Bartlett, William Henry</subfield><subfield code="d">1809-1854</subfield><subfield code="g">English painter, illustrator, drawer</subfield><subfield code="4">art</subfield><subfield code="3">designer</subfield></datafield><datafield tag="775" ind1="1" ind2="8"><subfield code="w">(BeLVLBS)000266091LBS01-Aleph</subfield><subfield code="t">Vues de la Hollande et de la Belgique /</subfield><subfield code="4">776</subfield></datafield><datafield tag="830" ind1="1" ind2="0"><subfield code="a">Leuven. Burgerlijke gebouwen.</subfield></datafield><datafield tag="830" ind1="1" ind2="0"><subfield code="a">Leuven. Religieuze gebouwen.</subfield></datafield><datafield tag="830" ind1="1" ind2="0"><subfield code="a">Leuven. Pleinen.</subfield></datafield><datafield tag="856" ind1="4" ind2=" "><subfield code="u">http://resolver.libis.be/IE979182/representation</subfield><subfield code="y">KU Leuven Libraries BIBC BRES TA00205</subfield></datafield><datafield tag="900" ind1=" " ind2=" "><subfield code="a">NO DEDUP</subfield></datafield><datafield tag="950" ind1=" " ind2=" "><subfield code="b">engraving(s)</subfield></datafield><datafield tag="957" ind1=" " ind2=" "><subfield code="a">W.H. Bartlett , delt.</subfield><subfield code="b">buiten de voorstelling: onderaan, links</subfield></datafield><datafield tag="957" ind1=" " ind2=" "><subfield code="a">A.H.Payne,sculp.</subfield><subfield code="b">buiten de voorstelling: onderaan, rechts</subfield></datafield><datafield tag="957" ind1=" " ind2=" "><subfield code="a">TOWN HALL, LOUVAIN./ La Maison de ville â Louvain. Stadhuis te Leuven.</subfield><subfield code="b">buiten de voorstelling: onderaan, centraal</subfield></datafield><datafield tag="957" ind1=" " ind2=" "><subfield code="a">London: Geo.Virtue,26,Ivy Lane.</subfield><subfield code="b">buiten de voorstelling: onderaan, centraal</subfield></datafield><datafield tag="981" ind1=" " ind2=" "><subfield code="a">Digital title KU Leuven Libraries</subfield></datafield></record>