<record><leader>02073nkm a2200385 a 4500</leader><controlfield tag="001">9980117370101488</controlfield><controlfield tag="005">20200503114715.0</controlfield><controlfield tag="008">110204s1825    xx nnn            ||fre d</controlfield><datafield tag="035" ind1=" " ind2=" "><subfield code="a">(BeLVLBS)008011737LBS01-Aleph</subfield></datafield><datafield tag="040" ind1=" " ind2=" "><subfield code="a">BeLVLBS</subfield><subfield code="b">Language of cataloging varies</subfield><subfield code="e">rda based</subfield></datafield><datafield tag="245" ind1="0" ind2="0"><subfield code="a">Maison de ville de Louvain</subfield></datafield><datafield tag="260" ind1=" " ind2=" "><subfield code="c">1825</subfield></datafield><datafield tag="300" ind1=" " ind2=" "><subfield code="c">voorstelling: 296 x 229 mm</subfield><subfield code="c">voorstelling met opschrift: 310 x 229 mm.</subfield></datafield><datafield tag="336" ind1=" " ind2=" "><subfield code="a">still image</subfield><subfield code="2">rdacontent</subfield></datafield><datafield tag="337" ind1=" " ind2=" "><subfield code="a">unmediated</subfield><subfield code="2">rdamedia</subfield></datafield><datafield tag="338" ind1=" " ind2=" "><subfield code="a">card</subfield><subfield code="2">rdacarrier</subfield></datafield><datafield tag="340" ind1=" " ind2=" "><subfield code="a">Graphic</subfield></datafield><datafield tag="340" ind1=" " ind2=" "><subfield code="o">Black-and-white ;</subfield></datafield><datafield tag="545" ind1=" " ind2=" "><subfield code="a">Gezicht op het stadhuis met op de voorgrond een aantal personages, o.a. een man met paard, een man met een kruiwagen, een groepje van vier pratende mensen.</subfield></datafield><datafield tag="581" ind1=" " ind2=" "><subfield code="a">Dirk Van de Vijver, Le Choix de monumens, édifices et maisons les plus remarquables du Royaume des Pays Pas de Pierre-Jacques Goetghebuer. Une histoire de l'architecture nationale du royaume des Pays-Bas, Brussel, 2000, p. 6 en 11.</subfield></datafield><datafield tag="580" ind1=" " ind2=" "><subfield code="a">illustratie uit: Choix des monumens, édifices et maisons les plus remarquables du Royaume des Pays-Bas</subfield></datafield><datafield tag="581" ind1=" " ind2=" "><subfield code="a">Archief E. Notschaele P262 map 8, prentenkabinet nr. 47bis.</subfield></datafield><datafield tag="542" ind1=" " ind2=" "><subfield code="l">public domain</subfield><subfield code="n">available as open data</subfield><subfield code="u">gebruiksvoorwaarden</subfield></datafield><datafield tag="650" ind1=" " ind2="7"><subfield code="2">KUL</subfield><subfield code="a">VoL Gebouw</subfield><subfield code="x">Leuven, Stadhuis</subfield></datafield><datafield tag="653" ind1=" " ind2="6"><subfield code="a">Topographical pictures</subfield></datafield><datafield tag="650" ind1=" " ind2="7"><subfield code="2">KUL</subfield><subfield code="a">VoL Gebtype</subfield><subfield code="x">stadhuizen</subfield></datafield><datafield tag="700" ind1="1" ind2=" "><subfield code="a">Hibon, Auguste</subfield><subfield code="d">1780-1857</subfield><subfield code="g">French engraver and etcher</subfield><subfield code="4">art</subfield><subfield code="3">engraver</subfield></datafield><datafield tag="700" ind1="1" ind2=" "><subfield code="a">Goetghebuer, Pierre-Jacques</subfield><subfield code="d">1788-1866</subfield><subfield code="g">Belgian printmaker and architect</subfield><subfield code="4">art</subfield><subfield code="3">designer</subfield></datafield><datafield tag="775" ind1="1" ind2="8"><subfield code="w">(BeLVLBS)001496661LBS01-Aleph</subfield><subfield code="t">Choix des monumens, édifices et maisons les plus remarquables du Royaume des Pays-Bas</subfield><subfield code="4">776</subfield></datafield><datafield tag="830" ind1="1" ind2="0"><subfield code="a">Leuven. Burgerlijke gebouwen.</subfield></datafield><datafield tag="856" ind1="4" ind2=" "><subfield code="u">http://resolver.libis.be/IE979161/representation</subfield><subfield code="y">KU Leuven Libraries BIBC BRES TA00202</subfield></datafield><datafield tag="900" ind1=" " ind2=" "><subfield code="a">NO DEDUP</subfield></datafield><datafield tag="950" ind1=" " ind2=" "><subfield code="b">etching(s)</subfield><subfield code="b">aquatint</subfield></datafield><datafield tag="957" ind1=" " ind2=" "><subfield code="a">MAISON DE VILLE DE LOUVAIN</subfield><subfield code="b">buiten de voorstelling: onderaan, centraal</subfield></datafield><datafield tag="957" ind1=" " ind2=" "><subfield code="a">P.J. Goetghebuer del. (op deze prent weggesneden)</subfield><subfield code="b">buiten de voorstelling, onderaan, links</subfield></datafield><datafield tag="981" ind1=" " ind2=" "><subfield code="a">Digital title KU Leuven Libraries</subfield></datafield></record>