<record><leader>01426nkm a2200349 a 4500</leader><controlfield tag="001">9980132740101488</controlfield><controlfield tag="005">20200503114725.0</controlfield><controlfield tag="008">110204q188u    xx nnn            ||fre d</controlfield><datafield tag="035" ind1=" " ind2=" "><subfield code="a">(BeLVLBS)008013274LBS01-Aleph</subfield></datafield><datafield tag="040" ind1=" " ind2=" "><subfield code="a">BeLVLBS</subfield><subfield code="b">Language of cataloging varies</subfield><subfield code="e">rda based</subfield></datafield><datafield tag="245" ind1="0" ind2="0"><subfield code="a">Eerste verdedigingsmuur van Leuven. Details van een toren.</subfield></datafield><datafield tag="260" ind1=" " ind2=" "><subfield code="c">1870-1914</subfield></datafield><datafield tag="300" ind1=" " ind2=" "><subfield code="c">165 x 200 mm.</subfield></datafield><datafield tag="336" ind1=" " ind2=" "><subfield code="a">still image</subfield><subfield code="2">rdacontent</subfield></datafield><datafield tag="337" ind1=" " ind2=" "><subfield code="a">unmediated</subfield><subfield code="2">rdamedia</subfield></datafield><datafield tag="338" ind1=" " ind2=" "><subfield code="a">card</subfield><subfield code="2">rdacarrier</subfield></datafield><datafield tag="340" ind1=" " ind2=" "><subfield code="a">Graphic</subfield></datafield><datafield tag="340" ind1=" " ind2=" "><subfield code="o">Black-and-white ;</subfield></datafield><datafield tag="545" ind1=" " ind2=" "><subfield code="a">Details van een toren. Links een deur, rechts een schietgat.</subfield></datafield><datafield tag="500" ind1=" " ind2=" "><subfield code="a">titel gecreëerd door catalograaf</subfield></datafield><datafield tag="581" ind1=" " ind2=" "><subfield code="a">Combaz, Paul; Behault de Dornon, Armand. Les premieres remparts de Louvain: Annales de la société d'Archéologie de Bruxelles. -5(1891), p. 337-369</subfield></datafield><datafield tag="542" ind1=" " ind2=" "><subfield code="l">public domain</subfield><subfield code="n">available as open data</subfield><subfield code="u">gebruiksvoorwaarden</subfield></datafield><datafield tag="653" ind1=" " ind2="6"><subfield code="a">Topographical pictures</subfield></datafield><datafield tag="650" ind1=" " ind2="7"><subfield code="2">KUL</subfield><subfield code="a">VoL Gebtype</subfield><subfield code="x">verdedigingsmuren</subfield></datafield><datafield tag="650" ind1=" " ind2="7"><subfield code="2">KUL</subfield><subfield code="a">VoL Gebtype</subfield><subfield code="x">torens</subfield></datafield><datafield tag="700" ind1="1" ind2=" "><subfield code="a">Combaz, Paul</subfield><subfield code="d">1869-1914</subfield><subfield code="g">Belgian expert in fortress building</subfield><subfield code="4">art</subfield><subfield code="3">draftsman</subfield></datafield><datafield tag="830" ind1="1" ind2="0"><subfield code="a">Leuven. Burgerlijke gebouwen</subfield></datafield><datafield tag="856" ind1="4" ind2=" "><subfield code="u">http://resolver.libis.be/IE980680/representation</subfield><subfield code="y">KU Leuven Libraries BIBC BRES TA00230b</subfield></datafield><datafield tag="900" ind1=" " ind2=" "><subfield code="a">NO DEDUP</subfield></datafield><datafield tag="950" ind1=" " ind2=" "><subfield code="b">drawing</subfield></datafield><datafield tag="957" ind1=" " ind2=" "><subfield code="a">Porte N de la tour M.</subfield><subfield code="b">in de voorstelling: bovenaan, rechts</subfield></datafield><datafield tag="957" ind1=" " ind2=" "><subfield code="a">Créneau A.</subfield><subfield code="b">in de voorstelling: bovenaan, links</subfield></datafield><datafield tag="981" ind1=" " ind2=" "><subfield code="a">Digital title KU Leuven Libraries</subfield></datafield></record>