<record><leader>01546nkm a2200373 a 4500</leader><controlfield tag="001">9980133530101488</controlfield><controlfield tag="005">20200503114703.0</controlfield><controlfield tag="008">110204q18uu    xx nnn            ||fre d</controlfield><datafield tag="035" ind1=" " ind2=" "><subfield code="a">(BeLVLBS)008013353LBS01-Aleph</subfield></datafield><datafield tag="040" ind1=" " ind2=" "><subfield code="a">BeLVLBS</subfield><subfield code="b">Language of cataloging varies</subfield><subfield code="e">rda based</subfield></datafield><datafield tag="245" ind1="0" ind2="0"><subfield code="a">Janseniustoren en Lipsiustoren</subfield></datafield><datafield tag="260" ind1=" " ind2=" "><subfield code="c">1870-1914</subfield></datafield><datafield tag="300" ind1=" " ind2=" "><subfield code="c">voorstelling: 220 x 305 mm.</subfield></datafield><datafield tag="336" ind1=" " ind2=" "><subfield code="a">still image</subfield><subfield code="2">rdacontent</subfield></datafield><datafield tag="337" ind1=" " ind2=" "><subfield code="a">unmediated</subfield><subfield code="2">rdamedia</subfield></datafield><datafield tag="338" ind1=" " ind2=" "><subfield code="a">card</subfield><subfield code="2">rdacarrier</subfield></datafield><datafield tag="340" ind1=" " ind2=" "><subfield code="a">Graphic</subfield></datafield><datafield tag="340" ind1=" " ind2=" "><subfield code="o">Black-and-white ;</subfield></datafield><datafield tag="545" ind1=" " ind2=" "><subfield code="a">Ruwe schets van Janseniustoren, Lipsiustoren en waterpoort (zie prent TA00229)</subfield></datafield><datafield tag="500" ind1=" " ind2=" "><subfield code="a">titel gecreëerd door catalograaf</subfield></datafield><datafield tag="500" ind1=" " ind2=" "><subfield code="a">tekstaanduidingen en plan van hele omloop van de vestingen op de achterkant, met potlood en pen</subfield></datafield><datafield tag="581" ind1=" " ind2=" "><subfield code="a">Combaz, Paul; Behault de Dornon, Armand, Les premiers remparts de Louvain. Annales de la Société d'archéologie de Bruxelles, 5, 1891, p.337-369.</subfield></datafield><datafield tag="542" ind1=" " ind2=" "><subfield code="l">public domain</subfield><subfield code="n">available as open data</subfield><subfield code="u">gebruiksvoorwaarden</subfield></datafield><datafield tag="650" ind1=" " ind2="7"><subfield code="2">KUL</subfield><subfield code="a">VoL Gebtype</subfield><subfield code="x">verdedigingsmuren</subfield></datafield><datafield tag="650" ind1=" " ind2="7"><subfield code="2">KUL</subfield><subfield code="a">VoL Gebtype</subfield><subfield code="x">rivieren</subfield></datafield><datafield tag="650" ind1=" " ind2="7"><subfield code="2">KUL</subfield><subfield code="a">VoL Gebtype</subfield><subfield code="x">torens</subfield></datafield><datafield tag="653" ind1=" " ind2="6"><subfield code="a">Topographical pictures</subfield></datafield><datafield tag="700" ind1="1" ind2=" "><subfield code="a">Combaz, Paul</subfield><subfield code="d">1869-1914</subfield><subfield code="g">Belgian expert in fortress building</subfield><subfield code="4">art</subfield><subfield code="3">draftsman</subfield></datafield><datafield tag="830" ind1="1" ind2="0"><subfield code="a">Leuven. Burgerlijke gebouwen</subfield></datafield><datafield tag="830" ind1="1" ind2="0"><subfield code="a">Leuven. Waterwegen</subfield></datafield><datafield tag="856" ind1="4" ind2=" "><subfield code="u">http://resolver.libis.be/IE979371/representation</subfield><subfield code="y">KU Leuven Libraries BIBC BRES TA00234</subfield></datafield><datafield tag="900" ind1=" " ind2=" "><subfield code="a">NO DEDUP</subfield></datafield><datafield tag="950" ind1=" " ind2=" "><subfield code="b">drawing</subfield><subfield code="c">schets</subfield></datafield><datafield tag="957" ind1=" " ind2=" "><subfield code="a">identificatie</subfield><subfield code="b">in de voorstelling: verspreid</subfield></datafield><datafield tag="981" ind1=" " ind2=" "><subfield code="a">Digital title KU Leuven Libraries</subfield></datafield></record>