<record><leader>02641nkm a2200469 a 4500</leader><controlfield tag="001">9983935420101488</controlfield><controlfield tag="005">20200503115409.0</controlfield><controlfield tag="008">110204q18uu    xx nnn            ||fre d</controlfield><datafield tag="035" ind1=" " ind2=" "><subfield code="a">(BeLVLBS)008393542LBS01-Aleph</subfield></datafield><datafield tag="040" ind1=" " ind2=" "><subfield code="a">BeLVLBS</subfield><subfield code="b">Language of cataloging varies</subfield><subfield code="e">rda based</subfield></datafield><datafield tag="245" ind1="0" ind2="3"><subfield code="a">La Sortie de la Dyle / La fausse Porte des Récollets / La Porte de la Rue du Prévot / La Porte aux Loups</subfield></datafield><datafield tag="260" ind1=" " ind2=" "><subfield code="c">1850-1900</subfield></datafield><datafield tag="300" ind1=" " ind2=" "><subfield code="c">voorstelling: 179 x 257 mm</subfield><subfield code="c">voorstelling met opschrift: 185 x 246 mm.</subfield></datafield><datafield tag="336" ind1=" " ind2=" "><subfield code="a">still image</subfield><subfield code="2">rdacontent</subfield></datafield><datafield tag="337" ind1=" " ind2=" "><subfield code="a">unmediated</subfield><subfield code="2">rdamedia</subfield></datafield><datafield tag="338" ind1=" " ind2=" "><subfield code="a">card</subfield><subfield code="2">rdacarrier</subfield></datafield><datafield tag="340" ind1=" " ind2=" "><subfield code="a">Graphic</subfield></datafield><datafield tag="340" ind1=" " ind2=" "><subfield code="o">Black-and-white ;</subfield></datafield><datafield tag="545" ind1=" " ind2=" "><subfield code="a">Voorstellingen van de Sint-Geertruisluis en de Heilige-Geestpoort (Dorpstraat Binnenpoort), de Minderbroederspoort, de Proefstraatpoort, Wolfspoort en de Biestpoort (Bruesselse Binnenpoort).</subfield></datafield><datafield tag="580" ind1=" " ind2=" "><subfield code="a">illustratie uit: Edward Van Even, Louvain monumental ou Description historique et artistique de tous les édifices civils et religieux de la dite ville, Leuven, Fonteyn, 1860.</subfield></datafield><datafield tag="542" ind1=" " ind2=" "><subfield code="l">public domain</subfield><subfield code="n">available as open data</subfield><subfield code="u">gebruiksvoorwaarden</subfield></datafield><datafield tag="650" ind1=" " ind2="7"><subfield code="2">KUL</subfield><subfield code="a">VoL Gebtype</subfield><subfield code="x">stadspoorten</subfield></datafield><datafield tag="650" ind1=" " ind2="7"><subfield code="2">KUL</subfield><subfield code="a">VoL Gebtype</subfield><subfield code="x">verdedigingsmuren</subfield></datafield><datafield tag="650" ind1=" " ind2="7"><subfield code="2">KUL</subfield><subfield code="a">VoL Gebtype</subfield><subfield code="x">torens</subfield></datafield><datafield tag="650" ind1=" " ind2="7"><subfield code="2">KUL</subfield><subfield code="a">VoL Gebtype</subfield><subfield code="x">rivieren</subfield></datafield><datafield tag="650" ind1=" " ind2="7"><subfield code="2">KUL</subfield><subfield code="a">VoL Gebtype</subfield><subfield code="x">sluizen</subfield></datafield><datafield tag="653" ind1=" " ind2="6"><subfield code="a">Topographical pictures</subfield></datafield><datafield tag="700" ind1="1" ind2=" "><subfield code="a">Joos, A.</subfield><subfield code="4">art</subfield></datafield><datafield tag="775" ind1="1" ind2="8"><subfield code="w">(BeLVLBS)000103194LBS01-Aleph</subfield><subfield code="t">Louvain monumental ou Description historique et artistique de tous les édifices civils et religieux de la dite ville.</subfield><subfield code="4">776</subfield></datafield><datafield tag="830" ind1="1" ind2="0"><subfield code="a">Leuven. Burgerlijke gebouwen</subfield></datafield><datafield tag="830" ind1="1" ind2="0"><subfield code="a">Leuven. Waterwegen</subfield></datafield><datafield tag="856" ind1="4" ind2=" "><subfield code="u">http://resolver.libis.be/IE978377/representation</subfield><subfield code="y">KU Leuven Libraries BIBC BRES TA00311</subfield></datafield><datafield tag="900" ind1=" " ind2=" "><subfield code="a">NO DEDUP</subfield></datafield><datafield tag="950" ind1=" " ind2=" "><subfield code="b">lithograph(s)</subfield></datafield><datafield tag="957" ind1=" " ind2=" "><subfield code="a">La Sortie de la Dyle, près des Ecluses de Ste Gertrude</subfield><subfield code="b">in de voorstelling: bovenaan, rechts</subfield></datafield><datafield tag="957" ind1=" " ind2=" "><subfield code="a">La fausse Porte des Récollets en 1635.</subfield><subfield code="b">in de voorstelling: bovenaan, centraal</subfield></datafield><datafield tag="957" ind1=" " ind2=" "><subfield code="a">La fausse Porte du St Esprit, bâtie/ en 1383 et démolie en 1778.</subfield><subfield code="b">in de voorstelling: bovenaan, rechts</subfield></datafield><datafield tag="957" ind1=" " ind2=" "><subfield code="a">La porte de la rue du Prévet,/ (de Proefstraet-Poorte)/ bâtie au 12e Siècle et demolie en 1754</subfield><subfield code="b">in de voorstelling: onderaan, links</subfield></datafield><datafield tag="957" ind1=" " ind2=" "><subfield code="a">La Porte aux Loups, bâtie au 12e Siècle/ et demolie en 1779.</subfield><subfield code="b">in de voorstelling: onderaan, centraal</subfield></datafield><datafield tag="957" ind1=" " ind2=" "><subfield code="a">La fausse Porte de Bruxelles,/ (de Biest-Poorte)/ bâtie en 1383 et demolie en 1819.</subfield><subfield code="b">in de voorstelling: onderaan,</subfield></datafield><datafield tag="957" ind1=" " ind2=" "><subfield code="a">Louv. mon.e</subfield><subfield code="b">buiten de voorstelling: bovenaan, links</subfield></datafield><datafield tag="957" ind1=" " ind2=" "><subfield code="a">A. Joos.</subfield><subfield code="b">buiten de voorstelling: onderaan, rechts</subfield></datafield><datafield tag="981" ind1=" " ind2=" "><subfield code="a">Digital title KU Leuven Libraries</subfield></datafield></record>