<record><leader>02406nkm a2200397 a 4500</leader><controlfield tag="001">9983959920101488</controlfield><controlfield tag="005">20200503114652.0</controlfield><controlfield tag="008">110204q18uu    xx nnn            ||fre d</controlfield><datafield tag="035" ind1=" " ind2=" "><subfield code="a">(BeLVLBS)008395992LBS01-Aleph</subfield></datafield><datafield tag="040" ind1=" " ind2=" "><subfield code="a">BeLVLBS</subfield><subfield code="b">Language of cataloging varies</subfield><subfield code="e">rda based</subfield></datafield><datafield tag="245" ind1="0" ind2="0"><subfield code="a">Quatre bas-reliefs de la façade de l'Hotel-de-Ville</subfield></datafield><datafield tag="260" ind1=" " ind2=" "><subfield code="c">s.d</subfield><subfield code="3">1850-1900</subfield></datafield><datafield tag="300" ind1=" " ind2=" "><subfield code="c">voorstelling: 204 x 286 mm</subfield><subfield code="c">voorstelling met opschrift: 225 x 286 mm.</subfield></datafield><datafield tag="336" ind1=" " ind2=" "><subfield code="a">still image</subfield><subfield code="2">rdacontent</subfield></datafield><datafield tag="337" ind1=" " ind2=" "><subfield code="a">unmediated</subfield><subfield code="2">rdamedia</subfield></datafield><datafield tag="338" ind1=" " ind2=" "><subfield code="a">card</subfield><subfield code="2">rdacarrier</subfield></datafield><datafield tag="340" ind1=" " ind2=" "><subfield code="a">Graphic</subfield></datafield><datafield tag="340" ind1=" " ind2=" "><subfield code="o">Black-and-white ;</subfield></datafield><datafield tag="545" ind1=" " ind2=" "><subfield code="a">Afbeelding van vier bas-reliëfs met religieuze thematiek uit de gevel van het stadhuis.</subfield></datafield><datafield tag="580" ind1=" " ind2=" "><subfield code="a">illustratie uit: Edward Van Even, Louvain monumental ou Description historique et artistique de tous les édifices civils et religieux de la dite ville, Leuven, Fonteyn, 1860.</subfield></datafield><datafield tag="542" ind1=" " ind2=" "><subfield code="l">public domain</subfield><subfield code="n">available as open data</subfield><subfield code="u">gebruiksvoorwaarden</subfield></datafield><datafield tag="650" ind1=" " ind2="7"><subfield code="2">KUL</subfield><subfield code="a">VoL Gebouw</subfield><subfield code="x">Leuven, Stadhuis</subfield></datafield><datafield tag="650" ind1=" " ind2="7"><subfield code="2">KUL</subfield><subfield code="a">VoL Gebtype</subfield><subfield code="x">stadhuizen</subfield></datafield><datafield tag="653" ind1=" " ind2="6"><subfield code="a">Topographical pictures</subfield></datafield><datafield tag="700" ind1="1" ind2=" "><subfield code="a">Van Gobbelschroy, Bernard Vos</subfield><subfield code="d">1825-1870</subfield><subfield code="g">Belgian painter</subfield><subfield code="4">art</subfield><subfield code="3">designer</subfield></datafield><datafield tag="700" ind1="1" ind2=" "><subfield code="a">van Peteghem, Lodewijk Jozef</subfield><subfield code="d">1825-1900</subfield><subfield code="g">Belgian painter, draughtsman, etcher, lithographer</subfield><subfield code="4">art</subfield><subfield code="3">graphic artist</subfield></datafield><datafield tag="775" ind1="1" ind2="8"><subfield code="w">(BeLVLBS)000103194LBS01-Aleph</subfield><subfield code="t">Louvain monumental ou Description historique et artistique de tous les édifices civils et religieux de la dite ville.</subfield><subfield code="4">776</subfield></datafield><datafield tag="830" ind1="1" ind2="0"><subfield code="a">Leuven. Burgerlijke gebouwen</subfield></datafield><datafield tag="856" ind1="4" ind2=" "><subfield code="u">http://resolver.libis.be/IE978468/representation</subfield><subfield code="y">KU Leuven Libraries BIBC BRES TA00327</subfield></datafield><datafield tag="900" ind1=" " ind2=" "><subfield code="a">NO DEDUP</subfield></datafield><datafield tag="950" ind1=" " ind2=" "><subfield code="b">lithograph(s)</subfield></datafield><datafield tag="957" ind1=" " ind2=" "><subfield code="a">Louvain Monumental.</subfield><subfield code="b">in de voorstelling: bovenaan, centraal</subfield></datafield><datafield tag="957" ind1=" " ind2=" "><subfield code="a">coördinaten (1-4)</subfield><subfield code="b">in de voorstelling: verspreid</subfield></datafield><datafield tag="957" ind1=" " ind2=" "><subfield code="a">Bernard van Gobbelschroy del.t Louis van Peteghem. lith.</subfield><subfield code="b">in de voorstelling: onderaan, rechts</subfield></datafield><datafield tag="957" ind1=" " ind2=" "><subfield code="a">QUATRE BAS-RELIEFS DE LA FAÇADE DE L'HOTEL- DE-VILLE. (d'après les originaux conservés dans le musée de la ville.)</subfield><subfield code="b">buiten de voorstelling: bovenaan, centraal</subfield></datafield><datafield tag="957" ind1=" " ind2=" "><subfield code="a">1. Le roi David sortant en triomphe de Jérusalem. 2. Vision de la femme malade et inconsolable de la mort de son enfant. 3. Le faux prophète jetté de son siège. / 4. L'ange du Seigneur jugeant les morts selon leurs œuvres; St. Pierre acceptant les élus.</subfield><subfield code="b">buiten de voorstelling: onderaan, centraal</subfield></datafield><datafield tag="981" ind1=" " ind2=" "><subfield code="a">Digital title KU Leuven Libraries</subfield></datafield></record>