<record><leader>02107nkm a2200349 a 4500</leader><controlfield tag="001">9983966850101488</controlfield><controlfield tag="005">20200503114705.0</controlfield><controlfield tag="008">110204q16uu18uuxx nnn            ||lat d</controlfield><datafield tag="035" ind1=" " ind2=" "><subfield code="a">(BeLVLBS)008396685LBS01-Aleph</subfield></datafield><datafield tag="040" ind1=" " ind2=" "><subfield code="a">BeLVLBS</subfield><subfield code="b">Language of cataloging varies</subfield><subfield code="e">rda based</subfield></datafield><datafield tag="245" ind1="0" ind2="0"><subfield code="a">Sacrament van Mirakel</subfield></datafield><datafield tag="260" ind1=" " ind2=" "><subfield code="c">s.d</subfield><subfield code="3">1600-1900</subfield></datafield><datafield tag="300" ind1=" " ind2=" "><subfield code="c">voorstelling: 174 x 139 mm</subfield><subfield code="c">plaatrand: 189 x 140 mm.</subfield></datafield><datafield tag="336" ind1=" " ind2=" "><subfield code="a">still image</subfield><subfield code="2">rdacontent</subfield></datafield><datafield tag="337" ind1=" " ind2=" "><subfield code="a">unmediated</subfield><subfield code="2">rdamedia</subfield></datafield><datafield tag="338" ind1=" " ind2=" "><subfield code="a">card</subfield><subfield code="2">rdacarrier</subfield></datafield><datafield tag="340" ind1=" " ind2=" "><subfield code="a">Graphic</subfield></datafield><datafield tag="340" ind1=" " ind2=" "><subfield code="o">Black-and-white ;</subfield></datafield><datafield tag="545" ind1=" " ind2=" "><subfield code="a">Reliekhouder met het 'Sacrament van Mirakel' of 'De wonderlijke hostie', afkomstig van de Leuvense augustijnen, vereerd in de Sint-Jacobskerk.</subfield></datafield><datafield tag="500" ind1=" " ind2=" "><subfield code="a">titel gecreëerd door catalograaf</subfield></datafield><datafield tag="580" ind1=" " ind2=" "><subfield code="a">illustratie uit: Edward Van Even, Louvain monumental ou Description historique et artistique de tous les édifices civils et religieux de la dite ville, Leuven, Fonteyn, 1860.</subfield></datafield><datafield tag="542" ind1=" " ind2=" "><subfield code="l">public domain</subfield><subfield code="n">available as open data</subfield><subfield code="u">gebruiksvoorwaarden</subfield></datafield><datafield tag="650" ind1=" " ind2="7"><subfield code="2">KUL</subfield><subfield code="a">VoL Gebtype</subfield><subfield code="x">kerken (kerkgebouwen)</subfield></datafield><datafield tag="650" ind1=" " ind2="7"><subfield code="2">KUL</subfield><subfield code="a">Vol Straat</subfield><subfield code="x">Leuven. Sint-Jacobsplein</subfield></datafield><datafield tag="653" ind1=" " ind2="6"><subfield code="a">Topographical pictures</subfield></datafield><datafield tag="775" ind1="1" ind2="8"><subfield code="w">(BeLVLBS)000103194LBS01-Aleph</subfield><subfield code="t">Louvain monumental ou Description historique et artistique de tous les édifices civils et religieux de la dite ville.</subfield><subfield code="4">776</subfield></datafield><datafield tag="856" ind1="4" ind2=" "><subfield code="u">http://resolver.libis.be/IE978643/representation</subfield><subfield code="y">KU Leuven Libraries BIBC BRES TA00352</subfield></datafield><datafield tag="900" ind1=" " ind2=" "><subfield code="a">NO DEDUP</subfield></datafield><datafield tag="950" ind1=" " ind2=" "><subfield code="b">etching(s)</subfield></datafield><datafield tag="957" ind1=" " ind2=" "><subfield code="a">LAVDETVR VEN. SACRAMENTVM. MIRACVLIS CLARET LOVANI APVD AVGVSTINIANOS</subfield><subfield code="b">in de voorstelling: bovenaan, centraal</subfield></datafield><datafield tag="957" ind1=" " ind2=" "><subfield code="a">BLINDE SIEN / DODEN VERRYSEN / CREVPELE GAEN SIECKE GENESE</subfield><subfield code="b">in de voorstelling: verspreid</subfield></datafield><datafield tag="957" ind1=" " ind2=" "><subfield code="a">O alderhochsten PANT van GODT, ons toegesonden / waer in den SONDAER heeft bermhertigheyt geuonden : / Daer CHRISTVS, Godt en waeren mensch, / Ons mede geest der Eng-len wensch, / Syn VLEESCHE en Dierbaer BLOET : eertyts met ander WESEN; / Maer cordts tot MIDDELBORGH met t'eygen opgeresen. / Dat LOVEN nu met CEVLEN deylt, / Waer door in VOORSPOET henen seylt.</subfield><subfield code="b">in de voorstelling: onderaan, centraal</subfield></datafield><datafield tag="981" ind1=" " ind2=" "><subfield code="a">Digital title KU Leuven Libraries</subfield></datafield></record>