<record><leader>01600nkm a2200373 a 4500</leader><controlfield tag="001">9980135730101488</controlfield><controlfield tag="005">20200503114704.0</controlfield><controlfield tag="008">110204s1844    xx nnn            ||fre d</controlfield><datafield tag="035" ind1=" " ind2=" "><subfield code="a">(BeLVLBS)008013573LBS01-Aleph</subfield></datafield><datafield tag="040" ind1=" " ind2=" "><subfield code="a">BeLVLBS</subfield><subfield code="b">Language of cataloging varies</subfield><subfield code="e">rda based</subfield></datafield><datafield tag="245" ind1="0" ind2="0"><subfield code="a">Louvain</subfield></datafield><datafield tag="260" ind1=" " ind2=" "><subfield code="e">Bruxelles</subfield><subfield code="f">Wauters, Alphonse</subfield></datafield><datafield tag="260" ind1=" " ind2=" "><subfield code="c">1844</subfield><subfield code="3">datum onzeker</subfield></datafield><datafield tag="300" ind1=" " ind2=" "><subfield code="c">voorstelling: 85 x 131 mm</subfield><subfield code="c">voorstelling met opschrift: 105 x 147 mm.</subfield></datafield><datafield tag="336" ind1=" " ind2=" "><subfield code="a">still image</subfield><subfield code="2">rdacontent</subfield></datafield><datafield tag="337" ind1=" " ind2=" "><subfield code="a">unmediated</subfield><subfield code="2">rdamedia</subfield></datafield><datafield tag="338" ind1=" " ind2=" "><subfield code="a">card</subfield><subfield code="2">rdacarrier</subfield></datafield><datafield tag="340" ind1=" " ind2=" "><subfield code="a">Graphic</subfield></datafield><datafield tag="340" ind1=" " ind2=" "><subfield code="o">Black-and-white ;</subfield></datafield><datafield tag="545" ind1=" " ind2=" "><subfield code="a">Panorama van Leuven met op de voorgrond tolhuisjes, Brusselsepoort. Voor de tolhuisjes figuren en een koets.</subfield></datafield><datafield tag="580" ind1=" " ind2=" "><subfield code="a">Illustratie uit: Wauters, Les Délices de la Belgique. Dessins de Lauters, Stroobants, Ghemar. 1844</subfield></datafield><datafield tag="542" ind1=" " ind2=" "><subfield code="l">public domain</subfield><subfield code="n">available as open data</subfield><subfield code="u">gebruiksvoorwaarden</subfield></datafield><datafield tag="650" ind1=" " ind2="7"><subfield code="2">KUL</subfield><subfield code="a">VoL Pano</subfield><subfield code="x">Leuven, panorama</subfield></datafield><datafield tag="653" ind1=" " ind2="6"><subfield code="a">Topographical pictures</subfield></datafield><datafield tag="650" ind1=" " ind2="7"><subfield code="2">KUL</subfield><subfield code="a">VoL Straat</subfield><subfield code="x">Leuven, Brusselsestraat (voorheen : Steenstraat/Wijngaardstraat)</subfield></datafield><datafield tag="650" ind1=" " ind2="7"><subfield code="2">KUL</subfield><subfield code="a">VoL Straat</subfield><subfield code="x">Leuven, Brusselsepoort</subfield></datafield><datafield tag="650" ind1=" " ind2="7"><subfield code="2">KUL</subfield><subfield code="a">VoL Gebtype</subfield><subfield code="x">tolhuizen</subfield></datafield><datafield tag="775" ind1="1" ind2="8"><subfield code="w">(BeLVLBS)001398554LBS01-Aleph</subfield><subfield code="t">Les délices de la Belgique, ou description historique, pittoresque et monumentale de ce royaume.</subfield><subfield code="4">776</subfield></datafield><datafield tag="830" ind1="1" ind2="0"><subfield code="a">Leuven. Straten.</subfield></datafield><datafield tag="830" ind1="1" ind2="0"><subfield code="a">Leuven. Panorama's.</subfield></datafield><datafield tag="856" ind1="4" ind2=" "><subfield code="u">http://resolver.libis.be/IE979399/representation</subfield><subfield code="y">KU Leuven Libraries BIBC BRES TA00239</subfield></datafield><datafield tag="900" ind1=" " ind2=" "><subfield code="a">NO DEDUP</subfield></datafield><datafield tag="950" ind1=" " ind2=" "><subfield code="b">lithograph(s)</subfield></datafield><datafield tag="957" ind1=" " ind2=" "><subfield code="a">LOUVAIN</subfield><subfield code="b">buiten de voorstelling: onderaan, centraal</subfield></datafield><datafield tag="981" ind1=" " ind2=" "><subfield code="a">Digital title KU Leuven Libraries</subfield></datafield></record>