<record><leader>01844nkm a2200373 a 4500</leader><controlfield tag="001">9980138080101488</controlfield><controlfield tag="005">20200503114737.0</controlfield><controlfield tag="008">110204q18uu    xx nnn            ||fre d</controlfield><datafield tag="035" ind1=" " ind2=" "><subfield code="a">(BeLVLBS)008013808LBS01-Aleph</subfield></datafield><datafield tag="040" ind1=" " ind2=" "><subfield code="a">BeLVLBS</subfield><subfield code="b">Language of cataloging varies</subfield><subfield code="e">rda based</subfield></datafield><datafield tag="245" ind1="0" ind2="0"><subfield code="a">'In het Oude Woud'</subfield></datafield><datafield tag="260" ind1=" " ind2=" "><subfield code="c">1801-1950</subfield></datafield><datafield tag="300" ind1=" " ind2=" "><subfield code="c">voorstelling: 60 x 82 mm</subfield><subfield code="c">voorstelling met opschrift: 103 x 205 mm.</subfield></datafield><datafield tag="336" ind1=" " ind2=" "><subfield code="a">still image</subfield><subfield code="2">rdacontent</subfield></datafield><datafield tag="337" ind1=" " ind2=" "><subfield code="a">unmediated</subfield><subfield code="2">rdamedia</subfield></datafield><datafield tag="338" ind1=" " ind2=" "><subfield code="a">card</subfield><subfield code="2">rdacarrier</subfield></datafield><datafield tag="340" ind1=" " ind2=" "><subfield code="a">Graphic</subfield></datafield><datafield tag="340" ind1=" " ind2=" "><subfield code="o">Pink</subfield><subfield code="o">Black ;</subfield></datafield><datafield tag="545" ind1=" " ind2=" "><subfield code="a">Gezicht op de winkel 'In het Oude Woud' gelegen op de hoek van de Kortestraat en de Brusselsestraat, gezien vanop de Grote Markt. Op straat staan verschillende groepjes mensen.</subfield></datafield><datafield tag="542" ind1=" " ind2=" "><subfield code="l">public domain</subfield><subfield code="n">available as open data</subfield><subfield code="u">gebruiksvoorwaarden</subfield></datafield><datafield tag="653" ind1=" " ind2="6"><subfield code="a">Topographical pictures</subfield></datafield><datafield tag="650" ind1=" " ind2="7"><subfield code="2">KUL</subfield><subfield code="a">VoL Gebtype</subfield><subfield code="x">winkels</subfield></datafield><datafield tag="650" ind1=" " ind2="7"><subfield code="2">KUL</subfield><subfield code="a">VoL Straat</subfield><subfield code="x">Leuven, Kortestraat (voorheen : Boterstraat, Jaloeziestraat)</subfield></datafield><datafield tag="650" ind1=" " ind2="7"><subfield code="2">KUL</subfield><subfield code="a">VoL Straat</subfield><subfield code="x">Leuven, Brusselsestraat (voorheen : Steenstraat/Wijngaardstraat)</subfield></datafield><datafield tag="830" ind1="1" ind2="0"><subfield code="a">Leuven. Burgerlijke gebouwen.</subfield></datafield><datafield tag="830" ind1="1" ind2="0"><subfield code="a">Leuven. Straten.</subfield></datafield><datafield tag="856" ind1="4" ind2=" "><subfield code="u">http://resolver.libis.be/IE979462/representation</subfield><subfield code="y">KU Leuven Libraries BIBC BRES TA00249</subfield></datafield><datafield tag="900" ind1=" " ind2=" "><subfield code="a">NO DEDUP</subfield></datafield><datafield tag="950" ind1=" " ind2=" "><subfield code="b">lithograph(s)</subfield></datafield><datafield tag="957" ind1=" " ind2=" "><subfield code="a">IN HET OUDE WOUD / COIN DE LA RUE COURTE</subfield><subfield code="b">buiten de voorstelling: bovenaan, centraal</subfield></datafield><datafield tag="957" ind1=" " ind2=" "><subfield code="a">Dépôt de Fabrique de Draps &amp; Mérinos de France</subfield><subfield code="b">buiten de voorstelling: bovenaan, centraal</subfield></datafield><datafield tag="957" ind1=" " ind2=" "><subfield code="a">SOIERIES / SPÉCIALITÉ [...] PARAMATAS.</subfield><subfield code="b">buiten de voorstelling: midden, links</subfield></datafield><datafield tag="957" ind1=" " ind2=" "><subfield code="a">VELOURS / SEULE &amp; [...] À PRIX-PIXE.</subfield><subfield code="b">buiten de voorstelling: midden, rechts</subfield></datafield><datafield tag="957" ind1=" " ind2=" "><subfield code="a">JACQUES VERHEYDEN Grand'Place, 23 &amp; 24, à LOUVAIN / Fournisseur du grand central Belge</subfield><subfield code="b">buiten de voorstelling: onderaan, centraal</subfield></datafield><datafield tag="981" ind1=" " ind2=" "><subfield code="a">Digital title KU Leuven Libraries</subfield></datafield></record>