<record><leader>01386nkm a2200325 a 4500</leader><controlfield tag="001">9980139450101488</controlfield><controlfield tag="005">20200503114739.0</controlfield><controlfield tag="008">110204q19uu    xx nnn            ||dut d</controlfield><datafield tag="035" ind1=" " ind2=" "><subfield code="a">(BeLVLBS)008013945LBS01-Aleph</subfield></datafield><datafield tag="040" ind1=" " ind2=" "><subfield code="a">BeLVLBS</subfield><subfield code="b">Language of cataloging varies</subfield><subfield code="e">rda based</subfield></datafield><datafield tag="245" ind1="0" ind2="0"><subfield code="a">Koopmanshuis 'Den Horen'</subfield></datafield><datafield tag="260" ind1=" " ind2=" "><subfield code="c">1945-2000</subfield></datafield><datafield tag="300" ind1=" " ind2=" "><subfield code="c">voorstelling: 240 x 365 mm.</subfield></datafield><datafield tag="336" ind1=" " ind2=" "><subfield code="a">still image</subfield><subfield code="2">rdacontent</subfield></datafield><datafield tag="337" ind1=" " ind2=" "><subfield code="a">unmediated</subfield><subfield code="2">rdamedia</subfield></datafield><datafield tag="338" ind1=" " ind2=" "><subfield code="a">card</subfield><subfield code="2">rdacarrier</subfield></datafield><datafield tag="340" ind1=" " ind2=" "><subfield code="a">Graphic</subfield></datafield><datafield tag="340" ind1=" " ind2=" "><subfield code="o">Black-and-white ;</subfield></datafield><datafield tag="545" ind1=" " ind2=" "><subfield code="a">Omsloten erf met woning. Binnen de muren bevindt zich links van het huis een moestuin en voor het huis een siertuin. Rechts vooraan draagt een vrouw een wasmand. Buiten de muren van de woning spelen kinderen. De personen dragen 17de eeuwse kledij.</subfield></datafield><datafield tag="581" ind1=" " ind2=" "><subfield code="a">Begeleidende nota F.A. Lefever, aanwezig bij prent</subfield></datafield><datafield tag="542" ind1=" " ind2=" "><subfield code="l">public domain</subfield><subfield code="n">available as open data</subfield><subfield code="u">gebruiksvoorwaarden</subfield></datafield><datafield tag="650" ind1=" " ind2="7"><subfield code="2">KUL</subfield><subfield code="a">VoL Gebtype</subfield><subfield code="x">woningen (huis)</subfield></datafield><datafield tag="650" ind1=" " ind2="7"><subfield code="2">KUL</subfield><subfield code="a">VoL Straat</subfield><subfield code="x">Leuven, Vlamingenstraat (voorheen : Brutusstraat)</subfield></datafield><datafield tag="653" ind1=" " ind2="6"><subfield code="a">Topographical pictures</subfield></datafield><datafield tag="700" ind1="1" ind2=" "><subfield code="a">Fabri, Leo</subfield><subfield code="d">1945-</subfield><subfield code="g">Belgian graphic designer</subfield><subfield code="4">art</subfield><subfield code="3">designer, drawer</subfield></datafield><datafield tag="830" ind1="1" ind2="0"><subfield code="a">Leuven. Burgerlijke gebouwen</subfield></datafield><datafield tag="830" ind1="1" ind2="0"><subfield code="a">Leuven. Straten.</subfield></datafield><datafield tag="856" ind1="4" ind2=" "><subfield code="u">http://resolver.libis.be/IE979483/representation</subfield><subfield code="y">KU Leuven Libraries BIBC BRES TA00251</subfield></datafield><datafield tag="900" ind1=" " ind2=" "><subfield code="a">NO DEDUP</subfield></datafield><datafield tag="950" ind1=" " ind2=" "><subfield code="b">pen drawing(s)</subfield><subfield code="c">reproductie</subfield></datafield><datafield tag="981" ind1=" " ind2=" "><subfield code="a">Digital title KU Leuven Libraries</subfield></datafield></record>