<record><leader>02443nkm a2200445 a 4500</leader><controlfield tag="001">9980148530101488</controlfield><controlfield tag="005">20200503114915.0</controlfield><controlfield tag="008">110204q169u    xx nnn            ||lat d</controlfield><datafield tag="035" ind1=" " ind2=" "><subfield code="a">(BeLVLBS)008014853LBS01-Aleph</subfield></datafield><datafield tag="040" ind1=" " ind2=" "><subfield code="a">BeLVLBS</subfield><subfield code="b">Language of cataloging varies</subfield><subfield code="e">rda based</subfield></datafield><datafield tag="245" ind1="0" ind2="0"><subfield code="a">Monasterium Heverlense Ord: Celest: A°. 1521 Fondatum a Guilielmo de Croy D. de Chievres et Maria de Hamal inibi-condilis splendidissimo sepulchro elevato. / Castellum Jauche</subfield></datafield><datafield tag="260" ind1=" " ind2=" "><subfield code="c">1690-1700</subfield></datafield><datafield tag="300" ind1=" " ind2=" "><subfield code="c">voorstelling 1: 111 x 207 mm</subfield><subfield code="c">voorstelling 2: 109 x 208 mm.</subfield></datafield><datafield tag="336" ind1=" " ind2=" "><subfield code="a">still image</subfield><subfield code="2">rdacontent</subfield></datafield><datafield tag="337" ind1=" " ind2=" "><subfield code="a">unmediated</subfield><subfield code="2">rdamedia</subfield></datafield><datafield tag="338" ind1=" " ind2=" "><subfield code="a">card</subfield><subfield code="2">rdacarrier</subfield></datafield><datafield tag="340" ind1=" " ind2=" "><subfield code="a">Graphic</subfield></datafield><datafield tag="340" ind1=" " ind2=" "><subfield code="o">Black-and-white ;</subfield></datafield><datafield tag="545" ind1=" " ind2=" "><subfield code="a">Op de prent bovenaan bevindt zich het gezicht op het klooster van de Celestijnen in Heverlee. Rechts bovenaan is er een wapenschild. Op de prent onderaan bevindt zich een kasteel met een binnenkoer en bijwoningen. Enkele ruiters rijden naar de ingang, op de binnenkoer zijn verschillende figuren te zien. Links bovenaan is er een wapenschild.</subfield></datafield><datafield tag="581" ind1=" " ind2=" "><subfield code="a">Archief PP/Notschaele, map 24</subfield></datafield><datafield tag="580" ind1=" " ind2=" "><subfield code="a">illustratie uit: Castella et praetoria nobilium Brabantiae, coenobiaque celebriora ...</subfield></datafield><datafield tag="542" ind1=" " ind2=" "><subfield code="l">public domain</subfield><subfield code="n">available as open data</subfield><subfield code="u">gebruiksvoorwaarden</subfield></datafield><datafield tag="650" ind1=" " ind2="7"><subfield code="2">KUL</subfield><subfield code="a">VoL Gebtype</subfield><subfield code="x">kloosters</subfield></datafield><datafield tag="650" ind1=" " ind2="7"><subfield code="2">KUL</subfield><subfield code="a">Vol Gebouw</subfield><subfield code="x">Heverlee, Celestijnenklooster</subfield></datafield><datafield tag="653" ind1=" " ind2="6"><subfield code="a">Topographical pictures</subfield></datafield><datafield tag="650" ind1=" " ind2="7"><subfield code="2">KUL</subfield><subfield code="a">Vol Gebtype</subfield><subfield code="x">kastelen</subfield></datafield><datafield tag="650" ind1=" " ind2="7"><subfield code="2">KUL</subfield><subfield code="a">VoL Gebtype</subfield><subfield code="x">kloosters</subfield></datafield><datafield tag="650" ind1=" " ind2="7"><subfield code="2">KUL</subfield><subfield code="a">Vol Gebouw</subfield><subfield code="x">Heverlee, Celestijnenpriorij</subfield></datafield><datafield tag="700" ind1="1" ind2=" "><subfield code="a">Harrewijn, Jacobus</subfield><subfield code="d">1660-after 1732</subfield><subfield code="g">Dutch engraver</subfield><subfield code="4">art</subfield></datafield><datafield tag="775" ind1="1" ind2="8"><subfield code="w">(BeLVLBS)001729560LBS01-Aleph</subfield><subfield code="t">Castella et praetoria nobilium Brabantiae, coenobiaque celebriora ... /</subfield><subfield code="4">776</subfield></datafield><datafield tag="830" ind1="1" ind2="0"><subfield code="a">Heverlee. Religieuze gebouwen</subfield></datafield><datafield tag="830" ind1="1" ind2="0"><subfield code="a">Heverlee. Burgerlijke gebouwen</subfield></datafield><datafield tag="856" ind1="4" ind2=" "><subfield code="u">http://resolver.libis.be/IE979665/representation</subfield><subfield code="y">KU Leuven Libraries BIBC BRES TA00276</subfield></datafield><datafield tag="900" ind1=" " ind2=" "><subfield code="a">NO DEDUP</subfield></datafield><datafield tag="950" ind1=" " ind2=" "><subfield code="b">engraving(s)</subfield></datafield><datafield tag="950" ind1=" " ind2=" "><subfield code="b">etching(s)</subfield></datafield><datafield tag="957" ind1=" " ind2=" "><subfield code="a">J. Harrwyn Fecit.</subfield><subfield code="b">in voorstelling 1: onderaan, links</subfield></datafield><datafield tag="957" ind1=" " ind2=" "><subfield code="a">Monasterium Heverlense Ord: Celest: A°. 1521 Fondatum a Guilielmo de Croy D. de Chievres et Maria de Hamal inibi-condilis splendidissimo sepulchro elevato.</subfield><subfield code="b">buiten voorstelling 1: onderaan, centraal</subfield></datafield><datafield tag="957" ind1=" " ind2=" "><subfield code="a">Harrewyn fecit.</subfield><subfield code="b">in voorstelling 2: onderaan, centraal</subfield></datafield><datafield tag="957" ind1=" " ind2=" "><subfield code="a">Castellum Jauche</subfield><subfield code="b">buiten voorstelling 2: onderaan, centraal</subfield></datafield><datafield tag="981" ind1=" " ind2=" "><subfield code="a">Digital title KU Leuven Libraries</subfield></datafield></record>