<record><leader>01877nkm a2200409 a 4500</leader><controlfield tag="001">9980149370101488</controlfield><controlfield tag="005">20200503114941.0</controlfield><controlfield tag="008">110204s1847    xx nnn            ||fre d</controlfield><datafield tag="035" ind1=" " ind2=" "><subfield code="a">(BeLVLBS)008014937LBS01-Aleph</subfield></datafield><datafield tag="040" ind1=" " ind2=" "><subfield code="a">BeLVLBS</subfield><subfield code="b">Language of cataloging varies</subfield><subfield code="e">rda based</subfield></datafield><datafield tag="245" ind1="0" ind2="0"><subfield code="a">Château César, à Louvain</subfield></datafield><datafield tag="260" ind1=" " ind2=" "><subfield code="c">1847</subfield></datafield><datafield tag="300" ind1=" " ind2=" "><subfield code="c">voorstelling: 190 x 266 mm</subfield><subfield code="c">voorstelling met opschrift: 220 x 266 mm.</subfield></datafield><datafield tag="336" ind1=" " ind2=" "><subfield code="a">still image</subfield><subfield code="2">rdacontent</subfield></datafield><datafield tag="337" ind1=" " ind2=" "><subfield code="a">unmediated</subfield><subfield code="2">rdamedia</subfield></datafield><datafield tag="338" ind1=" " ind2=" "><subfield code="a">card</subfield><subfield code="2">rdacarrier</subfield></datafield><datafield tag="340" ind1=" " ind2=" "><subfield code="a">Graphic</subfield></datafield><datafield tag="340" ind1=" " ind2=" "><subfield code="o">Black-and-white ;</subfield></datafield><datafield tag="545" ind1=" " ind2=" "><subfield code="a">Gezicht op het kasteel van de Keizersberg, oude burcht van de Hertogen van Brabant. Op de voorgrond een huifkar op de weg, vooraf gegaan door een koopman of boer. Rechts onderaan, drie personen in gesprek.</subfield></datafield><datafield tag="580" ind1=" " ind2=" "><subfield code="a">La Belgique Communale, annee 1847.</subfield></datafield><datafield tag="542" ind1=" " ind2=" "><subfield code="l">public domain</subfield><subfield code="n">available as open data</subfield><subfield code="u">gebruiksvoorwaarden</subfield></datafield><datafield tag="650" ind1=" " ind2="7"><subfield code="2">KUL</subfield><subfield code="a">Vol Gebtype</subfield><subfield code="x">kastelen</subfield></datafield><datafield tag="650" ind1=" " ind2="7"><subfield code="2">KUL</subfield><subfield code="a">VoL Straat</subfield><subfield code="x">Leuven, Keizersberg (voorheen : Schoonzichtberg)</subfield></datafield><datafield tag="653" ind1=" " ind2="6"><subfield code="a">Topographical pictures</subfield></datafield><datafield tag="700" ind1="1" ind2=" "><subfield code="a">Pannemaker, Adolphe François</subfield><subfield code="d">1822-1900</subfield><subfield code="g">Belgian engraver, painter</subfield><subfield code="4">art</subfield><subfield code="3">engraver</subfield></datafield><datafield tag="700" ind1="1" ind2=" "><subfield code="a">Mor</subfield><subfield code="4">art</subfield><subfield code="3">engraver</subfield></datafield><datafield tag="700" ind1="1" ind2=" "><subfield code="a">V., C.</subfield><subfield code="4">art</subfield><subfield code="3">designer</subfield></datafield><datafield tag="830" ind1="1" ind2="0"><subfield code="a">Leuven. Burgerlijke gebouwen</subfield></datafield><datafield tag="856" ind1="4" ind2=" "><subfield code="u">http://resolver.libis.be/IE979658/representation</subfield><subfield code="y">KU Leuven Libraries BIBC BRES TA00275</subfield></datafield><datafield tag="900" ind1=" " ind2=" "><subfield code="a">NO DEDUP</subfield></datafield><datafield tag="950" ind1=" " ind2=" "><subfield code="b">lithograph(s)</subfield><subfield code="c">naar houtgravure</subfield></datafield><datafield tag="957" ind1=" " ind2=" "><subfield code="a">Mors</subfield><subfield code="b">in de voorstelling: onderaan, centraal</subfield></datafield><datafield tag="957" ind1=" " ind2=" "><subfield code="a">C.V.DEL</subfield><subfield code="b">in de voorstelling: onderaan, rechts</subfield></datafield><datafield tag="957" ind1=" " ind2=" "><subfield code="a">AT PANNEMAKER</subfield><subfield code="b">in de voorstelling: onderaan, centraal</subfield></datafield><datafield tag="957" ind1=" " ind2=" "><subfield code="a">Belgique communale.</subfield><subfield code="b">buiten de voorstelling: bovenaan, rechts</subfield></datafield><datafield tag="957" ind1=" " ind2=" "><subfield code="a">CHATEAU CÉSAR, A LOUVAIN</subfield><subfield code="b">buiten de voorstelling: onderaan, centraal</subfield></datafield><datafield tag="957" ind1=" " ind2=" "><subfield code="a">Typogr. de Delevingne et Callewaert.</subfield><subfield code="b">buiten de voorstelling: onderaan, links</subfield></datafield><datafield tag="981" ind1=" " ind2=" "><subfield code="a">Digital title KU Leuven Libraries</subfield></datafield></record>