<record><leader>02195nkm a2200445 a 4500</leader><controlfield tag="001">9980151490101488</controlfield><controlfield tag="005">20200503114939.0</controlfield><controlfield tag="008">110204q16uu    xx nnn            ||lat d</controlfield><datafield tag="035" ind1=" " ind2=" "><subfield code="a">(BeLVLBS)008015149LBS01-Aleph</subfield></datafield><datafield tag="040" ind1=" " ind2=" "><subfield code="a">BeLVLBS</subfield><subfield code="b">Language of cataloging varies</subfield><subfield code="e">rda based</subfield></datafield><datafield tag="245" ind1="0" ind2="0"><subfield code="a">Heverlea</subfield></datafield><datafield tag="260" ind1=" " ind2=" "><subfield code="c">1651-1700</subfield></datafield><datafield tag="300" ind1=" " ind2=" "><subfield code="c">voorstelling: 137 x 184 mm.</subfield></datafield><datafield tag="336" ind1=" " ind2=" "><subfield code="a">still image</subfield><subfield code="2">rdacontent</subfield></datafield><datafield tag="337" ind1=" " ind2=" "><subfield code="a">unmediated</subfield><subfield code="2">rdamedia</subfield></datafield><datafield tag="338" ind1=" " ind2=" "><subfield code="a">card</subfield><subfield code="2">rdacarrier</subfield></datafield><datafield tag="340" ind1=" " ind2=" "><subfield code="a">Graphic</subfield></datafield><datafield tag="340" ind1=" " ind2=" "><subfield code="o">Black-and-white ;</subfield></datafield><datafield tag="545" ind1=" " ind2=" "><subfield code="a">Panoramisch gezicht op Heverlee. In het midden bevindt zich het kasteel van Arenberg, omringd door boomgaarden, weiden en velden. Links ervan bevindt zich het Celestijnenklooster en rechts de oude Sint-Lambertuskapel. Op de voorgrond het bos van Heverlee en het woud van Meerdaal, met links een jachthuis. Doorheen het landschap stroomt de Dijle. Verscheidene figuren zijn zichtbaar op de wegen en het kasteelplein. Rechts is er een gedeelte van de buitenvesten van de stad Leuven te zien. Bovenaan een wapenschild en rechts onderaan een windroos en afstandsschaal.</subfield></datafield><datafield tag="500" ind1=" " ind2=" "><subfield code="a">Dit is een verkleinde kopie van het gezicht door Joost van der Baren in de Lovanium van Justus Lipsius.</subfield></datafield><datafield tag="581" ind1=" " ind2=" "><subfield code="a">Archief, PP/Notschaele, map 24.</subfield></datafield><datafield tag="542" ind1=" " ind2=" "><subfield code="l">public domain</subfield><subfield code="n">available as open data</subfield><subfield code="u">gebruiksvoorwaarden</subfield></datafield><datafield tag="650" ind1=" " ind2="7"><subfield code="2">KUL</subfield><subfield code="a">VoL Pano</subfield><subfield code="x">Leuven, panorama</subfield></datafield><datafield tag="650" ind1=" " ind2="7"><subfield code="2">KUL</subfield><subfield code="a">VoL Gebtype</subfield><subfield code="x">kerken (kerkgebouwen)</subfield></datafield><datafield tag="650" ind1=" " ind2="7"><subfield code="2">KUL</subfield><subfield code="a">VoL Gebtype</subfield><subfield code="x">kloosters</subfield></datafield><datafield tag="650" ind1=" " ind2="7"><subfield code="2">KUL</subfield><subfield code="a">Vol Gebtype</subfield><subfield code="x">kastelen</subfield></datafield><datafield tag="650" ind1=" " ind2="7"><subfield code="2">KUL</subfield><subfield code="a">VoL Gebtype</subfield><subfield code="x">kapellen</subfield></datafield><datafield tag="650" ind1=" " ind2="7"><subfield code="2">KUL</subfield><subfield code="a">VoL Gebouw</subfield><subfield code="x">Heverlee, Arenbergkasteel</subfield></datafield><datafield tag="650" ind1=" " ind2="7"><subfield code="2">KUL</subfield><subfield code="a">Vol Gebouw</subfield><subfield code="x">Heverlee, Celestijnenklooster</subfield></datafield><datafield tag="650" ind1=" " ind2="7"><subfield code="2">KUL</subfield><subfield code="a">VoL Gebouw</subfield><subfield code="x">Heverlee, Sint-Lambertuskapel</subfield></datafield><datafield tag="653" ind1=" " ind2="6"><subfield code="a">Topographical pictures</subfield></datafield><datafield tag="830" ind1="1" ind2="0"><subfield code="a">Heverlee. Panorama's.</subfield></datafield><datafield tag="830" ind1="1" ind2="0"><subfield code="a">Heverlee. Universiteitsgebouwen.</subfield></datafield><datafield tag="856" ind1="4" ind2=" "><subfield code="u">http://resolver.libis.be/IE979700/representation</subfield><subfield code="y">KU Leuven Libraries BIBC BRES TA00281</subfield></datafield><datafield tag="900" ind1=" " ind2=" "><subfield code="a">NO DEDUP</subfield></datafield><datafield tag="950" ind1=" " ind2=" "><subfield code="b">engraving(s)</subfield></datafield><datafield tag="950" ind1=" " ind2=" "><subfield code="b">etching(s)</subfield></datafield><datafield tag="957" ind1=" " ind2=" "><subfield code="a">HEVERLEA</subfield><subfield code="b">in de voorstelling: bovenaan, links</subfield></datafield><datafield tag="957" ind1=" " ind2=" "><subfield code="a">nummers 1-66</subfield><subfield code="b">in de voorstelling: verspreid</subfield></datafield><datafield tag="957" ind1=" " ind2=" "><subfield code="a">Scala</subfield><subfield code="b">in de voorstelling: onderaan, rechts</subfield></datafield><datafield tag="981" ind1=" " ind2=" "><subfield code="a">Digital title KU Leuven Libraries</subfield></datafield></record>