<record><leader>01644nkm a2200301 a 4500</leader><controlfield tag="001">9980151720101488</controlfield><controlfield tag="005">20200503114937.0</controlfield><controlfield tag="008">110204s1567    xx nnn            ||ger d</controlfield><datafield tag="035" ind1=" " ind2=" "><subfield code="a">(BeLVLBS)008015172LBS01-Aleph</subfield></datafield><datafield tag="040" ind1=" " ind2=" "><subfield code="a">BeLVLBS</subfield><subfield code="b">Language of cataloging varies</subfield><subfield code="e">rda based</subfield></datafield><datafield tag="245" ind1="0" ind2="0"><subfield code="a">Loven</subfield></datafield><datafield tag="260" ind1=" " ind2=" "><subfield code="c">1567</subfield></datafield><datafield tag="300" ind1=" " ind2=" "><subfield code="c">voorstelling: 39 x 80 mm.</subfield></datafield><datafield tag="336" ind1=" " ind2=" "><subfield code="a">still image</subfield><subfield code="2">rdacontent</subfield></datafield><datafield tag="337" ind1=" " ind2=" "><subfield code="a">unmediated</subfield><subfield code="2">rdamedia</subfield></datafield><datafield tag="338" ind1=" " ind2=" "><subfield code="a">card</subfield><subfield code="2">rdacarrier</subfield></datafield><datafield tag="340" ind1=" " ind2=" "><subfield code="a">Graphic</subfield></datafield><datafield tag="340" ind1=" " ind2=" "><subfield code="o">Multi coloured ;</subfield></datafield><datafield tag="500" ind1=" " ind2=" "><subfield code="a">boekillustratie</subfield></datafield><datafield tag="580" ind1=" " ind2=" "><subfield code="a">illustratie uit: Cosmographey oder Beschreibung aller Länder, Herrschafften, fürnem̃sten Stetten, Geschichten, Gebreüchẽ, Handtierungen &amp;c. Beschriben durch Sebastianum Munsterũ, auch durch jn selbst gebessert [...] jetzunder aber biß auff das M.D.LXVII.jar [...] gemehret. Jtem mit hübschen Figuren vñ Landtaflen geziert [...].</subfield></datafield><datafield tag="542" ind1=" " ind2=" "><subfield code="l">public domain</subfield><subfield code="n">available as open data</subfield><subfield code="u">gebruiksvoorwaarden</subfield></datafield><datafield tag="650" ind1=" " ind2="7"><subfield code="2">KUL</subfield><subfield code="a">VoL Pano</subfield><subfield code="x">Leuven, panorama</subfield></datafield><datafield tag="653" ind1=" " ind2="6"><subfield code="a">Topographical pictures</subfield></datafield><datafield tag="775" ind1="1" ind2="8"><subfield code="w">(BeLVLBS)003745648LBS01-Aleph</subfield><subfield code="t">Cosmographey oder Beschreibung aller Länder, Herrschafften, fürnem̃sten Stetten, Geschichten, Gebreüchẽ, Handtierungen &amp;c. Beschriben durch Sebastianum Munsterũ, auch durch jn selbst gebessert [...] jetzunder aber biß auff das M.D.LXVII.jar [...] gemehret. Jtem mit hübschen Figuren vñ Landtaflen geziert [...].</subfield><subfield code="4">776</subfield></datafield><datafield tag="830" ind1="1" ind2="0"><subfield code="a">Leuven. Panorama's.</subfield></datafield><datafield tag="856" ind1="4" ind2=" "><subfield code="u">http://resolver.libis.be/IE979749/representation</subfield><subfield code="y">KU Leuven Libraries BIBC BRES TA00287</subfield></datafield><datafield tag="900" ind1=" " ind2=" "><subfield code="a">NO DEDUP</subfield></datafield><datafield tag="950" ind1=" " ind2=" "><subfield code="b">woodcut(s)</subfield><subfield code="c">ingekleurd</subfield></datafield><datafield tag="981" ind1=" " ind2=" "><subfield code="a">Digital title KU Leuven Libraries</subfield></datafield></record>