<record><leader>02239nkm a2200397 a 4500</leader><controlfield tag="001">9980155850101488</controlfield><controlfield tag="005">20200503114940.0</controlfield><controlfield tag="008">110204q1715    xx nnn            ||lat d</controlfield><datafield tag="035" ind1=" " ind2=" "><subfield code="a">(BeLVLBS)008015585LBS01-Aleph</subfield></datafield><datafield tag="040" ind1=" " ind2=" "><subfield code="a">BeLVLBS</subfield><subfield code="b">Language of cataloging varies</subfield><subfield code="e">rda based</subfield></datafield><datafield tag="245" ind1="0" ind2="0"><subfield code="a">Conventus F.F. Praedicatorum belgarum in quo studium generale Lovanii 1715</subfield></datafield><datafield tag="260" ind1=" " ind2=" "><subfield code="c">1715</subfield><subfield code="3">onzekere datum</subfield></datafield><datafield tag="300" ind1=" " ind2=" "><subfield code="c">voorstelling: 232 x 290 mm</subfield><subfield code="c">voorstelling met kader: 234 x 292 mm.</subfield></datafield><datafield tag="336" ind1=" " ind2=" "><subfield code="a">still image</subfield><subfield code="2">rdacontent</subfield></datafield><datafield tag="337" ind1=" " ind2=" "><subfield code="a">unmediated</subfield><subfield code="2">rdamedia</subfield></datafield><datafield tag="338" ind1=" " ind2=" "><subfield code="a">card</subfield><subfield code="2">rdacarrier</subfield></datafield><datafield tag="340" ind1=" " ind2=" "><subfield code="a">Graphic</subfield></datafield><datafield tag="340" ind1=" " ind2=" "><subfield code="o">Black-and-white ;</subfield></datafield><datafield tag="545" ind1=" " ind2=" "><subfield code="a">Panorama van het klooster van de Predikheren, waarbij de verschillende gebouwen zijn aangeduid en benoemd. Links bovenaan twee allegorische figuren met tussen hen een wapenschild.</subfield></datafield><datafield tag="542" ind1=" " ind2=" "><subfield code="l">public domain</subfield><subfield code="n">available as open data</subfield><subfield code="u">gebruiksvoorwaarden</subfield></datafield><datafield tag="650" ind1=" " ind2="7"><subfield code="2">KUL</subfield><subfield code="a">VoL Gebtype</subfield><subfield code="x">kloosters</subfield></datafield><datafield tag="650" ind1=" " ind2="7"><subfield code="2">KUL</subfield><subfield code="a">Vol Gebouw</subfield><subfield code="x">Leuven, Dominikanenklooster</subfield></datafield><datafield tag="650" ind1=" " ind2="7"><subfield code="2">KUL</subfield><subfield code="a">VoL Gebouw</subfield><subfield code="x">Leuven, Onze-Lieve-Vrouw-ten-Predikherenkerk</subfield></datafield><datafield tag="653" ind1=" " ind2="6"><subfield code="a">Topographical pictures</subfield></datafield><datafield tag="700" ind1="1" ind2=" "><subfield code="a">Harrewijn, Jacobus</subfield><subfield code="d">1660-after 1732</subfield><subfield code="g">Dutch engraver</subfield><subfield code="4">art</subfield><subfield code="3">engraver</subfield></datafield><datafield tag="700" ind1="1" ind2=" "><subfield code="a">Bernardus de Jonghe, F.</subfield><subfield code="4">art</subfield><subfield code="3">designer</subfield></datafield><datafield tag="830" ind1="1" ind2="0"><subfield code="a">Leuven. Religieuze gebouwen.</subfield></datafield><datafield tag="856" ind1="4" ind2=" "><subfield code="u">http://resolver.libis.be/IE979686/representation</subfield><subfield code="y">KU Leuven Libraries BIBC BRES TA00279</subfield></datafield><datafield tag="900" ind1=" " ind2=" "><subfield code="a">NO DEDUP</subfield></datafield><datafield tag="950" ind1=" " ind2=" "><subfield code="b">engraving(s)</subfield></datafield><datafield tag="950" ind1=" " ind2=" "><subfield code="b">etching(s)</subfield></datafield><datafield tag="957" ind1=" " ind2=" "><subfield code="a">CONVENTUS F.F. PRAEDICATORUM BELGARUM in quo STUDIUM GENERALE LOVANII 1715.</subfield><subfield code="b">in de voorstelling: bovenaan, centraal, in banderol</subfield></datafield><datafield tag="957" ind1=" " ind2=" "><subfield code="a">FORTITER ET SUAVITER / Rdo Adm: ac Eximio Patri P.F. HIERONYMO t'SERAERTS Ord: Praed: S.T. Doctori, strictae Facultatis Thologicae Lovaniensis Professori Regenti. Conv: Lov: tertium Priori, hune per inferiorem Germanian Priori Provinciali Missionum Apost: Praefecto, &amp;c. hanc sui Conventus Imaginem D.C. / F. Bernardus de jonghe Conv: Gand: qui et delineavit in loco 1715.</subfield><subfield code="b">in de voorstelling: bovenaan, links</subfield></datafield><datafield tag="957" ind1=" " ind2=" "><subfield code="a">lijst van gebouwen aangeduid van A tot Z, &amp;</subfield><subfield code="b">in de voorstelling: bovenaan, rechts, in banderol</subfield></datafield><datafield tag="957" ind1=" " ind2=" "><subfield code="a">Harrewyn fecit</subfield><subfield code="b">in de voorstelling: onderaan, rechts</subfield></datafield><datafield tag="957" ind1=" " ind2=" "><subfield code="a">A-Z, &amp;</subfield><subfield code="b">in de voorstelling: verspreid</subfield></datafield><datafield tag="981" ind1=" " ind2=" "><subfield code="a">Digital title KU Leuven Libraries</subfield></datafield></record>