<record><leader>01680nkm a2200337 a 4500</leader><controlfield tag="001">9980161100101488</controlfield><controlfield tag="005">20200503114942.0</controlfield><controlfield tag="008">110204s1785    xx nnn            ||lat d</controlfield><datafield tag="035" ind1=" " ind2=" "><subfield code="a">(BeLVLBS)008016110LBS01-Aleph</subfield></datafield><datafield tag="040" ind1=" " ind2=" "><subfield code="a">BeLVLBS</subfield><subfield code="b">Language of cataloging varies</subfield><subfield code="e">rda based</subfield></datafield><datafield tag="245" ind1="0" ind2="0"><subfield code="a">Castrum Lovaniense. Het slot van Leuven</subfield></datafield><datafield tag="260" ind1=" " ind2=" "><subfield code="c">1785</subfield></datafield><datafield tag="300" ind1=" " ind2=" "><subfield code="c">voorstelling: 137 x 182 mm</subfield><subfield code="c">voorstelling met opschrift: 140 x 182 mm.</subfield></datafield><datafield tag="336" ind1=" " ind2=" "><subfield code="a">still image</subfield><subfield code="2">rdacontent</subfield></datafield><datafield tag="337" ind1=" " ind2=" "><subfield code="a">unmediated</subfield><subfield code="2">rdamedia</subfield></datafield><datafield tag="338" ind1=" " ind2=" "><subfield code="a">card</subfield><subfield code="2">rdacarrier</subfield></datafield><datafield tag="340" ind1=" " ind2=" "><subfield code="a">Graphic</subfield></datafield><datafield tag="340" ind1=" " ind2=" "><subfield code="o">Black-and-white ;</subfield></datafield><datafield tag="545" ind1=" " ind2=" "><subfield code="a">Gezicht op de oude burcht van de Brabantse hertogen op de Keizersberg met rechts de Sint-Jan-de-Doperkerk. Op de achtergrond de buitenwallen en de Mechelse poort. Bovenaan rechts het bekroonde wapen van Brabant, de leeuw naar links gekeerd.</subfield></datafield><datafield tag="500" ind1=" " ind2=" "><subfield code="a">illustratie uit: Les délices des Pays-Bas ou descriptions historiques et géographiques de XVII provinces belges. 7éd. Paris/Anvers, Spanoghe, 1786</subfield></datafield><datafield tag="542" ind1=" " ind2=" "><subfield code="l">public domain</subfield><subfield code="n">available as open data</subfield><subfield code="u">gebruiksvoorwaarden</subfield></datafield><datafield tag="650" ind1=" " ind2="7"><subfield code="2">KUL</subfield><subfield code="a">Vol Gebtype</subfield><subfield code="x">kastelen</subfield></datafield><datafield tag="650" ind1=" " ind2="7"><subfield code="2">KUL</subfield><subfield code="a">VoL Gebtype</subfield><subfield code="x">militaire gebouwen</subfield></datafield><datafield tag="650" ind1=" " ind2="7"><subfield code="2">KUL</subfield><subfield code="a">VoL Gebouw</subfield><subfield code="x">Leuven, Keizersberg</subfield></datafield><datafield tag="653" ind1=" " ind2="6"><subfield code="a">Topographical pictures</subfield></datafield><datafield tag="775" ind1="1" ind2="8"><subfield code="w">(BeLVLBS)000329190LBS01-Aleph</subfield><subfield code="t">Les délices des Pays-Bas, ou Description géographique et historique des XVII. Provinces Belgiques.</subfield><subfield code="4">776</subfield></datafield><datafield tag="830" ind1="1" ind2="0"><subfield code="a">Leuven. Burgerlijke gebouwen</subfield></datafield><datafield tag="856" ind1="4" ind2=" "><subfield code="u">http://resolver.libis.be/IE979861/representation</subfield><subfield code="y">KU Leuven Libraries BIBC BRES TA00303</subfield></datafield><datafield tag="900" ind1=" " ind2=" "><subfield code="a">NO DEDUP</subfield></datafield><datafield tag="950" ind1=" " ind2=" "><subfield code="b">engraving(s)</subfield><subfield code="b">etching(s)</subfield></datafield><datafield tag="957" ind1=" " ind2=" "><subfield code="a">Castrum Levaniense. Het Slot van Leuven</subfield><subfield code="b">buiten de voorstelling: onderaan, centraal</subfield></datafield><datafield tag="981" ind1=" " ind2=" "><subfield code="a">Digital title KU Leuven Libraries</subfield></datafield></record>