<record><leader>01321nkm a2200313 a 4500</leader><controlfield tag="001">9980161560101488</controlfield><controlfield tag="005">20200503114916.0</controlfield><controlfield tag="008">110204q16uu    xx nnn            ||lat d</controlfield><datafield tag="035" ind1=" " ind2=" "><subfield code="a">(BeLVLBS)008016156LBS01-Aleph</subfield></datafield><datafield tag="040" ind1=" " ind2=" "><subfield code="a">BeLVLBS</subfield><subfield code="b">Language of cataloging varies</subfield><subfield code="e">rda based</subfield></datafield><datafield tag="245" ind1="0" ind2="0"><subfield code="a">Insignis Ecclesia Collegiata D. Petri Lovanii</subfield></datafield><datafield tag="260" ind1=" " ind2=" "><subfield code="c">1601-1700</subfield></datafield><datafield tag="300" ind1=" " ind2=" "><subfield code="c">voorstelling: 137 x 192 mm</subfield><subfield code="c">voorstelling met opschrift: 142 x 192 mm.</subfield></datafield><datafield tag="336" ind1=" " ind2=" "><subfield code="a">still image</subfield><subfield code="2">rdacontent</subfield></datafield><datafield tag="337" ind1=" " ind2=" "><subfield code="a">unmediated</subfield><subfield code="2">rdamedia</subfield></datafield><datafield tag="338" ind1=" " ind2=" "><subfield code="a">card</subfield><subfield code="2">rdacarrier</subfield></datafield><datafield tag="340" ind1=" " ind2=" "><subfield code="a">Graphic</subfield></datafield><datafield tag="340" ind1=" " ind2=" "><subfield code="o">Black-and-white ;</subfield></datafield><datafield tag="545" ind1=" " ind2=" "><subfield code="a">Twee gezichten op de Sint-Pieterskerk: vooraanzicht en zijaanzicht. De hoogte van de nooit verwezenlijkte westgevel staat aangegeven tussen de twee gezichten.</subfield></datafield><datafield tag="542" ind1=" " ind2=" "><subfield code="l">public domain</subfield><subfield code="n">available as open data</subfield><subfield code="u">gebruiksvoorwaarden</subfield></datafield><datafield tag="650" ind1=" " ind2="7"><subfield code="2">KUL</subfield><subfield code="a">VoL Gebouw</subfield><subfield code="x">Leuven, Sint-Pieterskerk</subfield></datafield><datafield tag="650" ind1=" " ind2="7"><subfield code="2">KUL</subfield><subfield code="a">VoL Gebtype</subfield><subfield code="x">kerken (kerkgebouwen)</subfield></datafield><datafield tag="653" ind1=" " ind2="6"><subfield code="a">Topographical pictures</subfield></datafield><datafield tag="830" ind1="1" ind2="0"><subfield code="a">Leuven. Religieuze gebouwen</subfield></datafield><datafield tag="856" ind1="4" ind2=" "><subfield code="u">http://resolver.libis.be/IE979868/representation</subfield><subfield code="y">KU Leuven Libraries BIBC BRES TA00304</subfield></datafield><datafield tag="900" ind1=" " ind2=" "><subfield code="a">NO DEDUP</subfield></datafield><datafield tag="950" ind1=" " ind2=" "><subfield code="b">engraving(s)</subfield></datafield><datafield tag="957" ind1=" " ind2=" "><subfield code="a">Hoogteafmeting kerk</subfield><subfield code="b">in de voorstelling met kader: links</subfield></datafield><datafield tag="957" ind1=" " ind2=" "><subfield code="a">Insignis Ecclesia Collegiata D. Petri Lovanii</subfield><subfield code="b">buiten de voorstelling: onderaan, centraal</subfield></datafield><datafield tag="981" ind1=" " ind2=" "><subfield code="a">Digital title KU Leuven Libraries</subfield></datafield></record>