<record><leader>02218nkm a2200409 a 4500</leader><controlfield tag="001">9980162400101488</controlfield><controlfield tag="005">20200503114908.0</controlfield><controlfield tag="008">110204q17uu    xx nnn            ||ger d</controlfield><datafield tag="035" ind1=" " ind2=" "><subfield code="a">(BeLVLBS)008016240LBS01-Aleph</subfield></datafield><datafield tag="040" ind1=" " ind2=" "><subfield code="a">BeLVLBS</subfield><subfield code="b">Language of cataloging varies</subfield><subfield code="e">rda based</subfield></datafield><datafield tag="245" ind1="0" ind2="0"><subfield code="a">Löven</subfield></datafield><datafield tag="260" ind1=" " ind2=" "><subfield code="e">Augsburg</subfield><subfield code="f">Bodenehr, Gabriel</subfield></datafield><datafield tag="260" ind1=" " ind2=" "><subfield code="c">1670-1800</subfield></datafield><datafield tag="300" ind1=" " ind2=" "><subfield code="c">voorstelling: 147 x 192 mm</subfield><subfield code="c">voorstelling met kader: 149 x 195 mm</subfield><subfield code="c">voorstelling met kader en opschrift: 155 x 260 mm.</subfield></datafield><datafield tag="336" ind1=" " ind2=" "><subfield code="a">still image</subfield><subfield code="2">rdacontent</subfield></datafield><datafield tag="337" ind1=" " ind2=" "><subfield code="a">unmediated</subfield><subfield code="2">rdamedia</subfield></datafield><datafield tag="338" ind1=" " ind2=" "><subfield code="a">card</subfield><subfield code="2">rdacarrier</subfield></datafield><datafield tag="340" ind1=" " ind2=" "><subfield code="a">Graphic</subfield></datafield><datafield tag="340" ind1=" " ind2=" "><subfield code="o">Black-and-white ;</subfield></datafield><datafield tag="545" ind1=" " ind2=" "><subfield code="a">Plattegrond van Leuven met de belangrijkste gebouwen in opstand getekend. Bovenaan links en rechts de met linten getooide blazoenen van Brabant en Leuven. Onderaan links staat Minerva met een speer in de rechter hand, naast een leeg gebleven cartouche. Onderaan rechts bevinden zich drie boeken leunend tegen een zuil.</subfield></datafield><datafield tag="500" ind1=" " ind2=" "><subfield code="a">Dit is een verkleinde kopie van de plattegrond in het werk van Blaeu, uitgegeven te Amsterdam in 1649.</subfield></datafield><datafield tag="500" ind1=" " ind2=" "><subfield code="a">grote gelijkenis met TA00002</subfield></datafield><datafield tag="581" ind1=" " ind2=" "><subfield code="a">Archief, PP/Notschaele, map 1.</subfield></datafield><datafield tag="580" ind1=" " ind2=" "><subfield code="a">Illustratie uit: Force d'europe, oder die Merckwürdigst und Führehmste, meistertheils auch ihrer fortification wegen berühmsteste staette, vestungen, schoefen, passe, camps de bataille, in Europa... Gabriel Bodenehr, Augsburg.</subfield></datafield><datafield tag="542" ind1=" " ind2=" "><subfield code="l">public domain</subfield><subfield code="n">available as open data</subfield><subfield code="u">gebruiksvoorwaarden</subfield></datafield><datafield tag="653" ind1=" " ind2="6"><subfield code="a">Topographical pictures</subfield></datafield><datafield tag="700" ind1="1" ind2=" "><subfield code="a">Bodenehr, Gabriel</subfield><subfield code="4">art</subfield><subfield code="3">Gabriel Bodenehr I or II</subfield></datafield><datafield tag="830" ind1="1" ind2="0"><subfield code="a">Leuven. Plattegrond</subfield></datafield><datafield tag="856" ind1="4" ind2=" "><subfield code="u">http://resolver.libis.be/IE979903/representation</subfield><subfield code="y">KU Leuven Libraries BIBC BRES TA00308</subfield></datafield><datafield tag="900" ind1=" " ind2=" "><subfield code="a">NO DEDUP</subfield></datafield><datafield tag="950" ind1=" " ind2=" "><subfield code="b">engraving(s)</subfield></datafield><datafield tag="957" ind1=" " ind2=" "><subfield code="a">LÖVEN</subfield><subfield code="b">in de voorstelling: bovenaan, centraal</subfield></datafield><datafield tag="957" ind1=" " ind2=" "><subfield code="a">a-z, 1-50</subfield><subfield code="b">in de voorstelling: verspreid</subfield></datafield><datafield tag="957" ind1=" " ind2=" "><subfield code="a">vervolg legende</subfield><subfield code="b">in de voorstelling: rechts</subfield></datafield><datafield tag="957" ind1=" " ind2=" "><subfield code="a">verklarende tekst beginnende met LÖVEN ist die Erste Haupt Statt in Brabant</subfield><subfield code="b">buiten de voorstelling: links</subfield></datafield><datafield tag="957" ind1=" " ind2=" "><subfield code="a">vervolg verklarende tekst en legende</subfield><subfield code="b">buiten de voorstelling: rechts</subfield></datafield><datafield tag="957" ind1=" " ind2=" "><subfield code="a">G. Bodenehr fec. et exc. a.y</subfield></datafield><datafield tag="981" ind1=" " ind2=" "><subfield code="a">Digital title KU Leuven Libraries</subfield></datafield></record>