<record><leader>01423nkm a2200349 a 4500</leader><controlfield tag="001">9980166160101488</controlfield><controlfield tag="005">20200503114914.0</controlfield><controlfield tag="008">110204q19uu    xx nnn            ||dut d</controlfield><datafield tag="035" ind1=" " ind2=" "><subfield code="a">(BeLVLBS)008016616LBS01-Aleph</subfield></datafield><datafield tag="040" ind1=" " ind2=" "><subfield code="a">BeLVLBS</subfield><subfield code="b">Language of cataloging varies</subfield><subfield code="e">rda based</subfield></datafield><datafield tag="245" ind1="0" ind2="0"><subfield code="a">Centrale bibliotheek van Leuven</subfield></datafield><datafield tag="260" ind1=" " ind2=" "><subfield code="c">1970-2000</subfield></datafield><datafield tag="300" ind1=" " ind2=" "><subfield code="c">voorstelling: 124 x 77 mm</subfield><subfield code="c">voorstelling met opschrift: 132 x 80 mm.</subfield></datafield><datafield tag="336" ind1=" " ind2=" "><subfield code="a">still image</subfield><subfield code="2">rdacontent</subfield></datafield><datafield tag="337" ind1=" " ind2=" "><subfield code="a">unmediated</subfield><subfield code="2">rdamedia</subfield></datafield><datafield tag="338" ind1=" " ind2=" "><subfield code="a">card</subfield><subfield code="2">rdacarrier</subfield></datafield><datafield tag="340" ind1=" " ind2=" "><subfield code="a">Graphic</subfield></datafield><datafield tag="340" ind1=" " ind2=" "><subfield code="o">Black-and-white ;</subfield></datafield><datafield tag="545" ind1=" " ind2=" "><subfield code="a">Gezicht op Centrale Bibliotheek vanuit de faculteit Letteren. Op de voorgrond plantengroei.</subfield></datafield><datafield tag="500" ind1=" " ind2=" "><subfield code="a">titel gecreëerd door catalograaf</subfield></datafield><datafield tag="542" ind1=" " ind2=" "><subfield code="l">public domain</subfield><subfield code="n">available as open data</subfield><subfield code="u">gebruiksvoorwaarden</subfield></datafield><datafield tag="650" ind1=" " ind2="7"><subfield code="2">KUL</subfield><subfield code="a">VoL Gebouw</subfield><subfield code="x">Leuven, Centrale Bibliotheek</subfield></datafield><datafield tag="650" ind1=" " ind2="7"><subfield code="2">KUL</subfield><subfield code="a">VoL Gebtype</subfield><subfield code="x">bibliotheken (gebouwen)</subfield></datafield><datafield tag="650" ind1=" " ind2="7"><subfield code="2">KUL</subfield><subfield code="a">VoL Gebtype</subfield><subfield code="x">universiteitsgebouwen</subfield></datafield><datafield tag="653" ind1=" " ind2="6"><subfield code="a">Topographical pictures</subfield></datafield><datafield tag="700" ind1="1" ind2=" "><subfield code="a">Decré, Simone</subfield><subfield code="d">1927-</subfield><subfield code="g">Belgian drawer, painter, graphic artist</subfield><subfield code="4">art</subfield></datafield><datafield tag="830" ind1="1" ind2="0"><subfield code="a">Leuven. Universiteitsgebouwen</subfield></datafield><datafield tag="856" ind1="4" ind2=" "><subfield code="u">http://resolver.libis.be/IE980015/representation</subfield><subfield code="y">KU Leuven Libraries BIBC BRES TA00514</subfield></datafield><datafield tag="900" ind1=" " ind2=" "><subfield code="a">NO DEDUP</subfield></datafield><datafield tag="950" ind1=" " ind2=" "><subfield code="b">etching(s)</subfield></datafield><datafield tag="957" ind1=" " ind2=" "><subfield code="a">18/200</subfield><subfield code="b">buiten de voorstelling: onderaan, links (in potlood)</subfield></datafield><datafield tag="957" ind1=" " ind2=" "><subfield code="a">SIMONE DECRÉ</subfield><subfield code="b">buiten de voorstelling: onderaan, rechts (in potlood)</subfield></datafield><datafield tag="981" ind1=" " ind2=" "><subfield code="a">Digital title KU Leuven Libraries</subfield></datafield></record>