<record><leader>02329nkm a2200433 a 4500</leader><controlfield tag="001">9980169230101488</controlfield><controlfield tag="005">20200503114936.0</controlfield><controlfield tag="008">110204q1694    xx nnn            ||lat d</controlfield><datafield tag="035" ind1=" " ind2=" "><subfield code="a">(BeLVLBS)008016923LBS01-Aleph</subfield></datafield><datafield tag="040" ind1=" " ind2=" "><subfield code="a">BeLVLBS</subfield><subfield code="b">Language of cataloging varies</subfield><subfield code="e">rda based</subfield></datafield><datafield tag="245" ind1="0" ind2="0"><subfield code="a">Castellum Heverle</subfield></datafield><datafield tag="260" ind1=" " ind2=" "><subfield code="c">1694</subfield></datafield><datafield tag="300" ind1=" " ind2=" "><subfield code="c">voorstelling: 107 x 200 mm</subfield><subfield code="c">voorstelling met opschrift: 110 x 200 mm.</subfield></datafield><datafield tag="336" ind1=" " ind2=" "><subfield code="a">still image</subfield><subfield code="2">rdacontent</subfield></datafield><datafield tag="337" ind1=" " ind2=" "><subfield code="a">unmediated</subfield><subfield code="2">rdamedia</subfield></datafield><datafield tag="338" ind1=" " ind2=" "><subfield code="a">card</subfield><subfield code="2">rdacarrier</subfield></datafield><datafield tag="340" ind1=" " ind2=" "><subfield code="a">Graphic</subfield></datafield><datafield tag="340" ind1=" " ind2=" "><subfield code="o">Black-and-white ;</subfield></datafield><datafield tag="545" ind1=" " ind2=" "><subfield code="a">Gezicht op de gevel van het kasteel van Arenberg, in laat 17de eeuwse toestand. De hoektorens zijn bekroond met peerspitsen en keizerlijke adelaars. Links is er een watermolen op de Dijle, met achteraan een door bomen omgegeven weide. Op de voorgrond is er een koets met paarden, voorgegaan door lakeien te voet. In de linkerbovenhoek bevindt zich het bekroonde wapenschild van de Croÿ-familie, gedrapeerd in hermelijn en behangen met het gulden vlies.</subfield></datafield><datafield tag="581" ind1=" " ind2=" "><subfield code="a">Archief, PP/Notschaele, map 24</subfield></datafield><datafield tag="580" ind1=" " ind2=" "><subfield code="a">illustratie uit: De Cantillon, Délices du Brabant..., Amsterdam, 1957. (Andere edities mogelijk)</subfield></datafield><datafield tag="542" ind1=" " ind2=" "><subfield code="l">public domain</subfield><subfield code="n">available as open data</subfield><subfield code="u">gebruiksvoorwaarden</subfield></datafield><datafield tag="650" ind1=" " ind2="7"><subfield code="2">KUL</subfield><subfield code="a">VoL Gebouw</subfield><subfield code="x">Heverlee, Arenbergkasteel</subfield></datafield><datafield tag="653" ind1=" " ind2="6"><subfield code="a">Topographical pictures</subfield></datafield><datafield tag="650" ind1=" " ind2="7"><subfield code="2">KUL</subfield><subfield code="a">Vol Gebtype</subfield><subfield code="x">kastelen</subfield></datafield><datafield tag="650" ind1=" " ind2="7"><subfield code="2">KUL</subfield><subfield code="a">VoL Gebtype</subfield><subfield code="x">universiteitsgebouwen</subfield></datafield><datafield tag="700" ind1="1" ind2=" "><subfield code="a">Harrewijn, Jacobus</subfield><subfield code="d">1660-after 1732</subfield><subfield code="g">Dutch engraver</subfield><subfield code="4">art</subfield></datafield><datafield tag="700" ind1="1" ind2=" "><subfield code="a">Stramot, Nicolaes</subfield><subfield code="b">II</subfield><subfield code="d">1637-1709</subfield><subfield code="g">Dutch painter, draftsman</subfield><subfield code="4">art</subfield><subfield code="3">designer</subfield></datafield><datafield tag="775" ind1="1" ind2="8"><subfield code="w">(BeLVLBS)001320049LBS01-Aleph</subfield><subfield code="t">&lt;&lt;I. B. Gramaye. &gt;&gt;Antiquitates illustrissimi ducatus Brabantiae ... /</subfield><subfield code="4">776</subfield></datafield><datafield tag="830" ind1="1" ind2="0"><subfield code="a">Heverlee. Universiteitsgebouwen.</subfield></datafield><datafield tag="830" ind1="1" ind2="0"><subfield code="a">Heverlee. Burgerlijke gebouwen.</subfield></datafield><datafield tag="856" ind1="4" ind2=" "><subfield code="u">http://resolver.libis.be/IE980218/representation</subfield><subfield code="y">KU Leuven Libraries BIBC BRES TA00901</subfield></datafield><datafield tag="900" ind1=" " ind2=" "><subfield code="a">NO DEDUP</subfield></datafield><datafield tag="950" ind1=" " ind2=" "><subfield code="b">engraving(s)</subfield><subfield code="c">kopergravure</subfield></datafield><datafield tag="957" ind1=" " ind2=" "><subfield code="a">THILIA FLU</subfield><subfield code="b">in de voorstelling: midden, centraal</subfield></datafield><datafield tag="957" ind1=" " ind2=" "><subfield code="a">N. Stramot deli. J. Harrewyn Fecit.</subfield><subfield code="b">in de voorstelling: onderaan, rechts</subfield></datafield><datafield tag="957" ind1=" " ind2=" "><subfield code="a">Castellum Heverle.</subfield><subfield code="b">buiten de voorstelling: onderaan, centraal</subfield></datafield><datafield tag="957" ind1=" " ind2=" "><subfield code="a">T.1.p. 163</subfield><subfield code="b">in de voorstelling: bovenaan, links</subfield></datafield><datafield tag="957" ind1=" " ind2=" "><subfield code="a">A.N°.10</subfield><subfield code="b">in de voorstelling: bovenaan, rechts</subfield></datafield><datafield tag="981" ind1=" " ind2=" "><subfield code="a">Digital title KU Leuven Libraries</subfield></datafield></record>