<record><leader>01976nkm a2200349 a 4500</leader><controlfield tag="001">9980175370101488</controlfield><controlfield tag="005">20200503114917.0</controlfield><controlfield tag="008">110204q157u    xx nnn            ||lat d</controlfield><datafield tag="035" ind1=" " ind2=" "><subfield code="a">(BeLVLBS)008017537LBS01-Aleph</subfield></datafield><datafield tag="040" ind1=" " ind2=" "><subfield code="a">BeLVLBS</subfield><subfield code="b">Language of cataloging varies</subfield><subfield code="e">rda based</subfield></datafield><datafield tag="245" ind1="0" ind2="0"><subfield code="a">Plattegrond van Leuven</subfield></datafield><datafield tag="260" ind1=" " ind2=" "><subfield code="c">1560-1580</subfield></datafield><datafield tag="300" ind1=" " ind2=" "><subfield code="c">voorstelling: 336 x 484 mm</subfield><subfield code="c">voorstelling met kader: 346 x 495 mm.</subfield></datafield><datafield tag="336" ind1=" " ind2=" "><subfield code="a">still image</subfield><subfield code="2">rdacontent</subfield></datafield><datafield tag="337" ind1=" " ind2=" "><subfield code="a">unmediated</subfield><subfield code="2">rdamedia</subfield></datafield><datafield tag="338" ind1=" " ind2=" "><subfield code="a">card</subfield><subfield code="2">rdacarrier</subfield></datafield><datafield tag="340" ind1=" " ind2=" "><subfield code="a">Graphic</subfield></datafield><datafield tag="340" ind1=" " ind2=" "><subfield code="o">Multi coloured ;</subfield></datafield><datafield tag="545" ind1=" " ind2=" "><subfield code="a">plattegrond van Leuven te midden het platteland. Boven links het wapen van Brabant (de leeuw naar rechts gekeerd), boven rechts het wapen van Leuven. Onderaan links een cartouche met inscripties en rechts onderaan drie staande figuren in 16de-eeuwse kledij.</subfield></datafield><datafield tag="580" ind1=" " ind2=" "><subfield code="a">Illustratie uit: Georg Braun, Civitates orbis terrarum, 1581</subfield></datafield><datafield tag="581" ind1=" " ind2=" "><subfield code="a">Maarten Bassens, "Leuven, 'zetel van de uitnemende kunsten'". Jan Papy (red.), Erasmus' droom. Het Leuvense Collegium Trilingue 1517-1797. Catalogus bij de tentoonstelling in de Leuvense Universiteitsbibliotheek, 18 oktober 2017-18 januari 2018. Leuven-Paris-Bristol 2017, 3.</subfield></datafield><datafield tag="542" ind1=" " ind2=" "><subfield code="l">public domain</subfield><subfield code="n">available as open data</subfield><subfield code="u">gebruiksvoorwaarden</subfield></datafield><datafield tag="650" ind1=" " ind2="7"><subfield code="2">KUL</subfield><subfield code="a">VoL Pano</subfield><subfield code="x">Leuven, panorama</subfield></datafield><datafield tag="653" ind1=" " ind2="6"><subfield code="a">Topographical pictures</subfield></datafield><datafield tag="700" ind1="1" ind2=" "><subfield code="a">Hogenberg, Franz</subfield><subfield code="d">ca. 1540-ca. 1590</subfield><subfield code="g">Netherlandish painter, printmaker and publisher</subfield><subfield code="4">art</subfield></datafield><datafield tag="775" ind1="1" ind2="8"><subfield code="w">(BeLVLBS)007468978LBS01-Aleph</subfield><subfield code="t">Städte der Renaissance : Civitates Orbis Terrarum.</subfield><subfield code="4">776</subfield></datafield><datafield tag="830" ind1="1" ind2="0"><subfield code="a">Leuven. Plattegrond</subfield></datafield><datafield tag="856" ind1="4" ind2=" "><subfield code="u">http://resolver.libis.be/IE980267/representation</subfield><subfield code="y">KU Leuven Libraries BIBC BRES TB00001</subfield></datafield><datafield tag="900" ind1=" " ind2=" "><subfield code="a">NO DEDUP</subfield></datafield><datafield tag="950" ind1=" " ind2=" "><subfield code="b">engraving(s)</subfield><subfield code="c">manueel ingekleurd</subfield></datafield><datafield tag="957" ind1=" " ind2=" "><subfield code="a">Loeven.</subfield><subfield code="b">in de voorstelling: bovenaan, centraal</subfield></datafield><datafield tag="957" ind1=" " ind2=" "><subfield code="a">LOVANIUM, Brabanticarum urbium/caput, unica Musarum ac praes Fantissi=/marum artium fedes, optatitissimumque/domicilium</subfield><subfield code="b">in de voorstelling: onderaan, rechts</subfield></datafield><datafield tag="981" ind1=" " ind2=" "><subfield code="a">Digital title KU Leuven Libraries</subfield></datafield></record>