<record><leader>02057nkm a2200409 a 4500</leader><controlfield tag="001">9980177720101488</controlfield><controlfield tag="005">20200503114923.0</controlfield><controlfield tag="008">110204q1575    xx nnn            ||fre d</controlfield><datafield tag="035" ind1=" " ind2=" "><subfield code="a">(BeLVLBS)008017772LBS01-Aleph</subfield></datafield><datafield tag="040" ind1=" " ind2=" "><subfield code="a">BeLVLBS</subfield><subfield code="b">Language of cataloging varies</subfield><subfield code="e">rda based</subfield></datafield><datafield tag="245" ind1="0" ind2="0"><subfield code="a">Louvain</subfield></datafield><datafield tag="260" ind1=" " ind2=" "><subfield code="c">1575</subfield></datafield><datafield tag="260" ind1=" " ind2=" "><subfield code="e">Parijs</subfield></datafield><datafield tag="300" ind1=" " ind2=" "><subfield code="c">voorstelling: 246 x 341 mm</subfield><subfield code="c">voorstelling met opschrift: 285 x 341 mm.</subfield></datafield><datafield tag="336" ind1=" " ind2=" "><subfield code="a">still image</subfield><subfield code="2">rdacontent</subfield></datafield><datafield tag="337" ind1=" " ind2=" "><subfield code="a">unmediated</subfield><subfield code="2">rdamedia</subfield></datafield><datafield tag="338" ind1=" " ind2=" "><subfield code="a">card</subfield><subfield code="2">rdacarrier</subfield></datafield><datafield tag="340" ind1=" " ind2=" "><subfield code="a">Graphic</subfield></datafield><datafield tag="340" ind1=" " ind2=" "><subfield code="o">Black-and-white ;</subfield></datafield><datafield tag="545" ind1=" " ind2=" "><subfield code="a">Panorama van Leuven waarbij de belangrijkste gebouwen zijn aangeduid. De stadsmuur is ook zichtbaar. Vooraan bevinden zich twee figuren: een man met een hond en een man bij enkele genzen. Bovenaan zijn er twee wapenschilden: links het wapenschild van Brabant, rechts dat van Leuven.</subfield></datafield><datafield tag="500" ind1=" " ind2=" "><subfield code="a">De prent is voor een eerste keer opgenomen in de Italiaanse uitgave van het werk van Guicciardini te Antwerpen, 1567 en is nadien naar het Frans vertaald. Deze uitgave is minder afgewerkt dan het origineel: minder details in het landschap.</subfield></datafield><datafield tag="581" ind1=" " ind2=" "><subfield code="a">Archief: PP/Notschaele, map 3</subfield></datafield><datafield tag="580" ind1=" " ind2=" "><subfield code="a">illustratie uit: Sebastian Münster, François de Belle-Forest, La cosmographie universelle de tout le monde..., Paris, 1575.</subfield></datafield><datafield tag="542" ind1=" " ind2=" "><subfield code="l">public domain</subfield><subfield code="n">available as open data</subfield><subfield code="u">gebruiksvoorwaarden</subfield></datafield><datafield tag="650" ind1=" " ind2="7"><subfield code="2">KUL</subfield><subfield code="a">VoL Gebtype</subfield><subfield code="x">kerken (kerkgebouwen)</subfield></datafield><datafield tag="650" ind1=" " ind2="7"><subfield code="2">KUL</subfield><subfield code="a">Vol Gebtype</subfield><subfield code="x">kastelen</subfield></datafield><datafield tag="650" ind1=" " ind2="7"><subfield code="2">KUL</subfield><subfield code="a">VoL Gebtype</subfield><subfield code="x">stadspoorten</subfield></datafield><datafield tag="653" ind1=" " ind2="6"><subfield code="a">Topographical pictures</subfield></datafield><datafield tag="830" ind1="1" ind2="0"><subfield code="a">Leuven. Panorama's</subfield></datafield><datafield tag="830" ind1="1" ind2="0"><subfield code="a">Leuven. Religieuze gebouwen</subfield></datafield><datafield tag="830" ind1="1" ind2="0"><subfield code="a">Leuven. Burgerlijke gebouwen</subfield></datafield><datafield tag="856" ind1="4" ind2=" "><subfield code="u">http://resolver.libis.be/IE980288/representation</subfield><subfield code="y">KU Leuven Libraries BIBC BRES TB00051</subfield></datafield><datafield tag="900" ind1=" " ind2=" "><subfield code="a">NO DEDUP</subfield></datafield><datafield tag="950" ind1=" " ind2=" "><subfield code="b">woodcut(s)</subfield></datafield><datafield tag="957" ind1=" " ind2=" "><subfield code="a">LOVVAIN</subfield><subfield code="b">in de voorstelling: bovenaan, centraal</subfield></datafield><datafield tag="957" ind1=" " ind2=" "><subfield code="a">LE POVRTRAICT ET DESCRIPTION DE LA VILLE DE LOVVAIN.</subfield><subfield code="b">buiten de voorstelling: bovenaan, centraal</subfield></datafield><datafield tag="957" ind1=" " ind2=" "><subfield code="a">legende in zes kolommen</subfield><subfield code="b">buiten de voorstelling: onderaan</subfield></datafield><datafield tag="981" ind1=" " ind2=" "><subfield code="a">Digital title KU Leuven Libraries</subfield></datafield></record>