<record><leader>02460nkm a2200433 a 4500</leader><controlfield tag="001">9980177870101488</controlfield><controlfield tag="005">20200503114736.0</controlfield><controlfield tag="008">110204s1605    xx nnn            ||lat d</controlfield><datafield tag="035" ind1=" " ind2=" "><subfield code="a">(BeLVLBS)008017787LBS01-Aleph</subfield></datafield><datafield tag="040" ind1=" " ind2=" "><subfield code="a">BeLVLBS</subfield><subfield code="b">Language of cataloging varies</subfield><subfield code="e">rda based</subfield></datafield><datafield tag="245" ind1="0" ind2="0"><subfield code="a">Lovanium</subfield></datafield><datafield tag="260" ind1=" " ind2=" "><subfield code="c">1605</subfield></datafield><datafield tag="300" ind1=" " ind2=" "><subfield code="c">voorstelling: 237 x 497 mm</subfield><subfield code="c">voorstelling met opschrift: 316 x 497 mm.</subfield></datafield><datafield tag="336" ind1=" " ind2=" "><subfield code="a">still image</subfield><subfield code="2">rdacontent</subfield></datafield><datafield tag="337" ind1=" " ind2=" "><subfield code="a">unmediated</subfield><subfield code="2">rdamedia</subfield></datafield><datafield tag="338" ind1=" " ind2=" "><subfield code="a">card</subfield><subfield code="2">rdacarrier</subfield></datafield><datafield tag="340" ind1=" " ind2=" "><subfield code="a">Graphic</subfield></datafield><datafield tag="340" ind1=" " ind2=" "><subfield code="o">Black-and-white ;</subfield></datafield><datafield tag="545" ind1=" " ind2=" "><subfield code="a">Panorama van Leuven met omringend landschap en figuren. Onderaan, centraal een windroos</subfield></datafield><datafield tag="500" ind1=" " ind2=" "><subfield code="a">vermelding op steekkaart van tentoonstellingscatalogus Lipsius in Leuven, Leuven, Leuven University Press, 1997.</subfield></datafield><datafield tag="580" ind1=" " ind2=" "><subfield code="a">illustratie uit: Lipsius, Justus, Ivsti LipsI Lovanium, sive Opidi et academiae eivs descriptio : libri tres, Antverpiae, 1605.</subfield></datafield><datafield tag="581" ind1=" " ind2=" "><subfield code="a">Koorts op het Vleminckxveld. De kapel van Onze-Lieve-Vrouw ter Koorts en het klooster van de minderbroeders in Leuven</subfield><subfield code="z">9789078192282</subfield></datafield><datafield tag="581" ind1=" " ind2=" "><subfield code="a">Gilbert Tournoy, "Leuven, zetel van de Muzen". Jan Papy (red.), Erasmus' droom. Het Leuvense Collegium Trilingue 1517-1797. Catalogus bij de tentoonstelling in de Leuvense Universiteitsbibliotheek, 18 oktober 2017-18 januari 2018. Leuven-Paris-Bristol 2017, 5.</subfield></datafield><datafield tag="581" ind1=" " ind2=" "><subfield code="a">An Smets en Jan Papy (2017). Erasmus' droom. Het Collegium Trilingue in Leuven. De Boekenwereld 33 (3), 3.</subfield></datafield><datafield tag="542" ind1=" " ind2=" "><subfield code="l">public domain</subfield><subfield code="n">available as open data</subfield><subfield code="u">gebruiksvoorwaarden</subfield></datafield><datafield tag="650" ind1=" " ind2="7"><subfield code="2">KUL</subfield><subfield code="a">VoL Pano</subfield><subfield code="x">Leuven, panorama</subfield></datafield><datafield tag="653" ind1=" " ind2="6"><subfield code="a">Topographical pictures</subfield></datafield><datafield tag="700" ind1="1" ind2=" "><subfield code="a">vander Baren, Jodocus</subfield><subfield code="g">Flemish painter, active ca. 1574-ca. 1605</subfield><subfield code="4">art</subfield></datafield><datafield tag="775" ind1="1" ind2="8"><subfield code="w">(BeLVLBS)001085977LBS01-Aleph</subfield><subfield code="t">Ivsti LipsI Lovanium, sive Opidi et academiae eivs descriptio : libri tres.</subfield><subfield code="4">776</subfield></datafield><datafield tag="830" ind1="1" ind2="0"><subfield code="a">Leuven. Panorama's</subfield></datafield><datafield tag="856" ind1="4" ind2=" "><subfield code="u">http://resolver.libis.be/IE980295/representation</subfield><subfield code="y">KU Leuven Libraries BIBC BRES TB00052</subfield></datafield><datafield tag="900" ind1=" " ind2=" "><subfield code="a">NO DEDUP</subfield></datafield><datafield tag="950" ind1=" " ind2=" "><subfield code="b">etching(s)</subfield></datafield><datafield tag="957" ind1=" " ind2=" "><subfield code="a">LOVANIVM.</subfield><subfield code="b">in de voorstelling: bovenaan, centraal</subfield></datafield><datafield tag="957" ind1=" " ind2=" "><subfield code="a">PAG. 79.</subfield><subfield code="b">in de voorstelling: bovenaan, rechts</subfield></datafield><datafield tag="957" ind1=" " ind2=" "><subfield code="a">letters A t.e.m. F en cijfers 1 t.e.m. 84</subfield><subfield code="b">in de voorstelling: verspreid</subfield></datafield><datafield tag="957" ind1=" " ind2=" "><subfield code="a">Meridies / Occidens / Septentrio / Oriens</subfield><subfield code="b">in de voorstelling: onderaan, centraal</subfield></datafield><datafield tag="957" ind1=" " ind2=" "><subfield code="a">Louanij depingebat / Iodicus vander Baren</subfield><subfield code="b">in de voorstelling: onderaan, centraal</subfield></datafield><datafield tag="957" ind1=" " ind2=" "><subfield code="a">legende</subfield><subfield code="b">buiten de voorstelling: onderaan</subfield></datafield><datafield tag="981" ind1=" " ind2=" "><subfield code="a">Digital title KU Leuven Libraries</subfield></datafield></record>