<record><leader>02363nkm a2200457 a 4500</leader><controlfield tag="001">9980178470101488</controlfield><controlfield tag="005">20200503114745.0</controlfield><controlfield tag="008">110204q1832    xx nnn            ||fre d</controlfield><datafield tag="035" ind1=" " ind2=" "><subfield code="a">(BeLVLBS)008017847LBS01-Aleph</subfield></datafield><datafield tag="040" ind1=" " ind2=" "><subfield code="a">BeLVLBS</subfield><subfield code="b">Language of cataloging varies</subfield><subfield code="e">rda based</subfield></datafield><datafield tag="245" ind1="0" ind2="0"><subfield code="a">Vue de la Grand' Place et de l'Hôtel de ville de Louvain, construit en 1448</subfield></datafield><datafield tag="260" ind1=" " ind2=" "><subfield code="e">Louvain</subfield><subfield code="f">Barella, P.</subfield></datafield><datafield tag="260" ind1=" " ind2=" "><subfield code="c">1832</subfield><subfield code="3">datum van het ontwerp</subfield></datafield><datafield tag="300" ind1=" " ind2=" "><subfield code="c">voorstelling: 311 x 417 mm</subfield><subfield code="c">voorstelling met kader en opschrift: 357 x 440 mm.</subfield></datafield><datafield tag="336" ind1=" " ind2=" "><subfield code="a">still image</subfield><subfield code="2">rdacontent</subfield></datafield><datafield tag="337" ind1=" " ind2=" "><subfield code="a">unmediated</subfield><subfield code="2">rdamedia</subfield></datafield><datafield tag="338" ind1=" " ind2=" "><subfield code="a">card</subfield><subfield code="2">rdacarrier</subfield></datafield><datafield tag="340" ind1=" " ind2=" "><subfield code="a">Graphic</subfield></datafield><datafield tag="340" ind1=" " ind2=" "><subfield code="o">Black-and-white ;</subfield></datafield><datafield tag="545" ind1=" " ind2=" "><subfield code="a">Gezicht op Grote Markt met links het stadhuis en het gebouw van de burgerwacht. Centraal op de achtergrond woningen. Rechts enkele woningen en een deel van de Sint-Pieterskerk. Achteraan markttafereel. Op de voorgrond verschillende groepjes mensen waaronder militairen.</subfield></datafield><datafield tag="542" ind1=" " ind2=" "><subfield code="l">public domain</subfield><subfield code="n">available as open data</subfield><subfield code="u">gebruiksvoorwaarden</subfield></datafield><datafield tag="650" ind1=" " ind2="7"><subfield code="2">KUL</subfield><subfield code="a">VoL Gebouw</subfield><subfield code="x">Leuven, Stadhuis</subfield></datafield><datafield tag="650" ind1=" " ind2="7"><subfield code="2">KUL</subfield><subfield code="a">VoL Gebouw</subfield><subfield code="x">Leuven, Sint-Pieterskerk</subfield></datafield><datafield tag="650" ind1=" " ind2="7"><subfield code="2">KUL</subfield><subfield code="a">VoL Gebtype</subfield><subfield code="x">stadhuizen</subfield></datafield><datafield tag="650" ind1=" " ind2="7"><subfield code="2">KUL</subfield><subfield code="a">VoL Gebtype</subfield><subfield code="x">kerken (kerkgebouwen)</subfield></datafield><datafield tag="650" ind1=" " ind2="7"><subfield code="2">KUL</subfield><subfield code="a">VoL Gebtype</subfield><subfield code="x">woningen (huis)</subfield></datafield><datafield tag="650" ind1=" " ind2="7"><subfield code="2">KUL</subfield><subfield code="a">VoL Straat</subfield><subfield code="x">Leuven, Grote Markt</subfield></datafield><datafield tag="653" ind1=" " ind2="6"><subfield code="a">Topographical pictures</subfield></datafield><datafield tag="700" ind1="1" ind2=" "><subfield code="a">Simonau, Gustave Adolphe</subfield><subfield code="d">1810-1870</subfield><subfield code="g">Belgian draughtsman, lithographer, publisher and printer</subfield><subfield code="4">art</subfield><subfield code="3">designer</subfield></datafield><datafield tag="700" ind1="1" ind2=" "><subfield code="a">Simonau, Pierre</subfield><subfield code="g">Belgian publisher and printer, active in London c. 1815-1830, afterwards in Brussels</subfield><subfield code="4">art</subfield><subfield code="3">lithographer</subfield></datafield><datafield tag="830" ind1="1" ind2="0"><subfield code="a">Leuven. Burgerlijke gebouwen</subfield></datafield><datafield tag="830" ind1="1" ind2="0"><subfield code="a">Leuven. Pleinen</subfield></datafield><datafield tag="830" ind1="1" ind2="0"><subfield code="a">Leuven. Religieuze gebouwen</subfield></datafield><datafield tag="856" ind1="4" ind2=" "><subfield code="u">http://resolver.libis.be/IE980316/representation</subfield><subfield code="y">KU Leuven Libraries BIBC BRES TB00202</subfield></datafield><datafield tag="900" ind1=" " ind2=" "><subfield code="a">NO DEDUP</subfield></datafield><datafield tag="950" ind1=" " ind2=" "><subfield code="b">lithograph(s)</subfield></datafield><datafield tag="957" ind1=" " ind2=" "><subfield code="a">G. Simonau / 1832</subfield><subfield code="b">in de voorstelling: onderaan, links</subfield></datafield><datafield tag="957" ind1=" " ind2=" "><subfield code="a">Louvain, chez P. Barella, Md d'Estampes.</subfield><subfield code="b">buiten de voorstelling: onderaan, links</subfield></datafield><datafield tag="957" ind1=" " ind2=" "><subfield code="a">Lith. de P. Simonau à Bruxs.</subfield><subfield code="b">buiten de voorstelling: onderaan, centraal</subfield></datafield><datafield tag="957" ind1=" " ind2=" "><subfield code="a">G. Simonau del.</subfield><subfield code="b">buiten de voorstelling: onderaan, rechts</subfield></datafield><datafield tag="957" ind1=" " ind2=" "><subfield code="a">VUE DE LA GRAND 'PLACE ET DE L'HÔTEL DE VILLE DE LOUVAIN, CONSTRUIT EN 1448.</subfield><subfield code="b">buiten de voorstelling: onderaan, centraal</subfield></datafield><datafield tag="981" ind1=" " ind2=" "><subfield code="a">Digital title KU Leuven Libraries</subfield></datafield></record>