<record><leader>01802nkm a2200373 a 4500</leader><controlfield tag="001">9980178780101488</controlfield><controlfield tag="005">20200503114753.0</controlfield><controlfield tag="008">110204s1851    xx nnn            ||fre d</controlfield><datafield tag="035" ind1=" " ind2=" "><subfield code="a">(BeLVLBS)008017878LBS01-Aleph</subfield></datafield><datafield tag="040" ind1=" " ind2=" "><subfield code="a">BeLVLBS</subfield><subfield code="b">Language of cataloging varies</subfield><subfield code="e">rda based</subfield></datafield><datafield tag="245" ind1="0" ind2="0"><subfield code="a">Louvain</subfield><subfield code="b">Intérieur de l'Église Collègiale de Saint-Pierre</subfield></datafield><datafield tag="260" ind1=" " ind2=" "><subfield code="c">1851</subfield></datafield><datafield tag="300" ind1=" " ind2=" "><subfield code="c">voorstelling: 240 x 186 mm</subfield><subfield code="c">voorstelling met kader en opschrift: 299 x 210 mm.</subfield></datafield><datafield tag="336" ind1=" " ind2=" "><subfield code="a">still image</subfield><subfield code="2">rdacontent</subfield></datafield><datafield tag="337" ind1=" " ind2=" "><subfield code="a">unmediated</subfield><subfield code="2">rdamedia</subfield></datafield><datafield tag="338" ind1=" " ind2=" "><subfield code="a">card</subfield><subfield code="2">rdacarrier</subfield></datafield><datafield tag="340" ind1=" " ind2=" "><subfield code="a">Graphic</subfield></datafield><datafield tag="340" ind1=" " ind2=" "><subfield code="o">Black-and-white ;</subfield></datafield><datafield tag="545" ind1=" " ind2=" "><subfield code="a">Binnenzicht op het middenschip van de Sint-Pieterskerk. Centraal rechts een preekstoel. Centraal achteraan het doksaal. Verspreid over de ruimte groepjes mensen.</subfield></datafield><datafield tag="542" ind1=" " ind2=" "><subfield code="l">public domain</subfield><subfield code="n">available as open data</subfield><subfield code="u">gebruiksvoorwaarden</subfield></datafield><datafield tag="650" ind1=" " ind2="7"><subfield code="2">KUL</subfield><subfield code="a">VoL Gebouw</subfield><subfield code="x">Leuven, Sint-Pieterskerk</subfield></datafield><datafield tag="650" ind1=" " ind2="7"><subfield code="2">KUL</subfield><subfield code="a">VoL Gebtype</subfield><subfield code="x">kerken (kerkgebouwen)</subfield></datafield><datafield tag="653" ind1=" " ind2="6"><subfield code="a">Topographical pictures</subfield></datafield><datafield tag="700" ind1="1" ind2=" "><subfield code="a">Hoolans, Joseph</subfield><subfield code="d">1814-1872</subfield><subfield code="g">Belgian artist</subfield><subfield code="4">art</subfield><subfield code="3">designer, lithographer</subfield></datafield><datafield tag="700" ind1="0" ind2=" "><subfield code="a">Simonau &amp; Toovey</subfield><subfield code="g">Belgian printing business of lithographs and phototypes, active ca. 1847-1899</subfield><subfield code="4">art</subfield></datafield><datafield tag="830" ind1="1" ind2="0"><subfield code="a">Leuven. Religieuze gebouwen</subfield></datafield><datafield tag="856" ind1="4" ind2=" "><subfield code="u">http://resolver.libis.be/IE980344/representation</subfield><subfield code="y">KU Leuven Libraries BIBC BRES TB00206</subfield></datafield><datafield tag="900" ind1=" " ind2=" "><subfield code="a">NO DEDUP</subfield></datafield><datafield tag="950" ind1=" " ind2=" "><subfield code="b">lithograph(s)</subfield></datafield><datafield tag="957" ind1=" " ind2=" "><subfield code="a">LOUVAIN</subfield><subfield code="b">buiten de voorstelling: bovenaan, centraal</subfield></datafield><datafield tag="957" ind1=" " ind2=" "><subfield code="a">Hoolans del. et lith. 1851.</subfield><subfield code="b">buiten de voorstelling: onderaan, links</subfield></datafield><datafield tag="957" ind1=" " ind2=" "><subfield code="a">Déposé</subfield><subfield code="b">buiten de voorstelling: onderaan, centraal</subfield></datafield><datafield tag="957" ind1=" " ind2=" "><subfield code="a">Imp. Simonau &amp; Toovey.</subfield><subfield code="b">buiten de voorstelling: onderaan, rechts</subfield></datafield><datafield tag="957" ind1=" " ind2=" "><subfield code="a">INTÉRIEUR DE L'ÉGLISE COLLÈGIALE DE ST.PIERRE.</subfield><subfield code="b">buiten de voorstelling: onderaan, centraal</subfield></datafield><datafield tag="981" ind1=" " ind2=" "><subfield code="a">Digital title KU Leuven Libraries</subfield></datafield></record>