<record><leader>02335nkm a2200349 a 4500</leader><controlfield tag="001">9980179480101488</controlfield><controlfield tag="005">20200503114748.0</controlfield><controlfield tag="008">110204q1727    xx nnn            ||lat d</controlfield><datafield tag="035" ind1=" " ind2=" "><subfield code="a">(BeLVLBS)008017948LBS01-Aleph</subfield></datafield><datafield tag="040" ind1=" " ind2=" "><subfield code="a">BeLVLBS</subfield><subfield code="b">Language of cataloging varies</subfield><subfield code="e">rda based</subfield></datafield><datafield tag="245" ind1="0" ind2="0"><subfield code="a">Monasterium Heverlense fundatum a Guilielmo Duce de Croy et de Aerscot etc. Anno 1521.</subfield></datafield><datafield tag="260" ind1=" " ind2=" "><subfield code="c">1727</subfield></datafield><datafield tag="300" ind1=" " ind2=" "><subfield code="c">voorstelling: 340 x 443 mm</subfield><subfield code="c">voorstelling met kader: 345 x 446 mm.</subfield></datafield><datafield tag="336" ind1=" " ind2=" "><subfield code="a">still image</subfield><subfield code="2">rdacontent</subfield></datafield><datafield tag="337" ind1=" " ind2=" "><subfield code="a">unmediated</subfield><subfield code="2">rdamedia</subfield></datafield><datafield tag="338" ind1=" " ind2=" "><subfield code="a">card</subfield><subfield code="2">rdacarrier</subfield></datafield><datafield tag="340" ind1=" " ind2=" "><subfield code="a">Graphic</subfield></datafield><datafield tag="340" ind1=" " ind2=" "><subfield code="o">Black-and-white ;</subfield></datafield><datafield tag="545" ind1=" " ind2=" "><subfield code="a">Gezicht op het Celestijnenklooster van Heverlee: kerk, kloosterpand en tuin afgesloten met hoevegebouwen. Rondom de priorij zijn er drie graftomben uit de Celestijnenkerk gedetailleerd weergegeven: bovenaan links de tombe van Willem van Croÿ en zijn echtgenote (1525), bovenaan rechts het praalgraf van Filips II van Croÿ en zijn twee echtgenotes (1596), onderaan links het wandgraf van kardinaal Willem van Croÿ (1529). Bovenaan is het wapenschild van de familie Croÿ vier keer, weergegeven waarvan twee keer getooid met het Gulden Vlies.</subfield></datafield><datafield tag="500" ind1=" " ind2=" "><subfield code="a">kopie van de gravure verschenen in de eerste uitgave van Sanderus, Heverlea Celestina, Brussel, 1662.</subfield></datafield><datafield tag="500" ind1=" " ind2=" "><subfield code="a">zie TB00208</subfield></datafield><datafield tag="580" ind1=" " ind2=" "><subfield code="a">illustratie uit: Antonii Sanderi [...] &gt;&gt;Chorographia sacra conventuum, Bruxellensis, Boetendalensis, Lovaniensis, Mechliniensis &amp; Antverpiensis patrum minorum /ex monasteriorum tabulis,&amp; principum diplomatibus [...] eruta et imaginibus aeneis illustrata.</subfield></datafield><datafield tag="542" ind1=" " ind2=" "><subfield code="l">public domain</subfield><subfield code="n">available as open data</subfield><subfield code="u">gebruiksvoorwaarden</subfield></datafield><datafield tag="650" ind1=" " ind2="7"><subfield code="2">KUL</subfield><subfield code="a">Vol Gebouw</subfield><subfield code="x">Heverlee, Celestijnenklooster</subfield></datafield><datafield tag="650" ind1=" " ind2="7"><subfield code="2">KUL</subfield><subfield code="a">VoL Gebtype</subfield><subfield code="x">kloosters</subfield></datafield><datafield tag="653" ind1=" " ind2="6"><subfield code="a">Topographical pictures</subfield></datafield><datafield tag="775" ind1="1" ind2="8"><subfield code="w">(BeLVLBS)000867632LBS01-Aleph</subfield><subfield code="t">&lt;&lt;Antonii Sanderi [...] &gt;&gt;Chorographia sacra conventuum, Bruxellensis, Boetendalensis, Lovaniensis, Mechliniensis &amp; Antverpiensis patrum minorum /</subfield><subfield code="4">776</subfield></datafield><datafield tag="830" ind1="1" ind2="0"><subfield code="a">Heverlee. Religieuze gebouwen</subfield></datafield><datafield tag="856" ind1="4" ind2=" "><subfield code="u">http://resolver.libis.be/IE980442/representation</subfield><subfield code="y">KU Leuven Libraries BIBC BRES TB00301</subfield></datafield><datafield tag="856" ind1="4" ind2=" "><subfield code="u">http://resolver.libis.be/IE980358/representation</subfield><subfield code="y">KU Leuven Libraries BIBC BRES TB00208</subfield></datafield><datafield tag="900" ind1=" " ind2=" "><subfield code="a">NO DEDUP</subfield></datafield><datafield tag="950" ind1=" " ind2=" "><subfield code="b">etching(s)</subfield></datafield><datafield tag="957" ind1=" " ind2=" "><subfield code="a">MONASTERIVM HEVERLENSE FVNDATVM A GVILIELMO DVCE DE CROY ET DE AERSCOT ETC. ANNO 1521</subfield><subfield code="b">in de voorstelling: bovenaan, centraal</subfield></datafield><datafield tag="981" ind1=" " ind2=" "><subfield code="a">Digital title KU Leuven Libraries</subfield></datafield></record>