<record><leader>02085nkm a2200397 a 4500</leader><controlfield tag="001">9980179760101488</controlfield><controlfield tag="005">20200503114808.0</controlfield><controlfield tag="008">110204q1727    xx nnn            ||lat d</controlfield><datafield tag="035" ind1=" " ind2=" "><subfield code="a">(BeLVLBS)008017976LBS01-Aleph</subfield></datafield><datafield tag="040" ind1=" " ind2=" "><subfield code="a">BeLVLBS</subfield><subfield code="b">Language of cataloging varies</subfield><subfield code="e">rda based</subfield></datafield><datafield tag="245" ind1="0" ind2="0"><subfield code="a">Conventus Carmeli Lovaniensis ad S Catharinam</subfield></datafield><datafield tag="260" ind1=" " ind2=" "><subfield code="c">1727</subfield></datafield><datafield tag="300" ind1=" " ind2=" "><subfield code="c">voorstelling: 350 x 464 mm</subfield><subfield code="c">voorstelling met opschrift: 355 x 464 mm.</subfield></datafield><datafield tag="336" ind1=" " ind2=" "><subfield code="a">still image</subfield><subfield code="2">rdacontent</subfield></datafield><datafield tag="337" ind1=" " ind2=" "><subfield code="a">unmediated</subfield><subfield code="2">rdamedia</subfield></datafield><datafield tag="338" ind1=" " ind2=" "><subfield code="a">card</subfield><subfield code="2">rdacarrier</subfield></datafield><datafield tag="340" ind1=" " ind2=" "><subfield code="a">Graphic</subfield></datafield><datafield tag="340" ind1=" " ind2=" "><subfield code="o">Black-and-white ;</subfield></datafield><datafield tag="545" ind1=" " ind2=" "><subfield code="a">Gezicht op het klooster van de Geschoeide Karmelieten (Lieve-Vrouwe-Broeders) en de Sint-Catharinakapel. Er zijn verschillende figuren zichtbaar.</subfield></datafield><datafield tag="580" ind1=" " ind2=" "><subfield code="a">illustratie uit: Antonius Sanderus [...] &gt;&gt;Chorographia sacra conventuum, Bruxellensis, Boetendalensis, Lovaniensis, Mechliniensis &amp; Antverpiensis patrum minorum /ex monasteriorum tabulis,&amp; principum diplomatibus [...] eruta et imaginibus aeneis illustrata.</subfield></datafield><datafield tag="500" ind1=" " ind2=" "><subfield code="a">zie TB00210</subfield></datafield><datafield tag="542" ind1=" " ind2=" "><subfield code="l">public domain</subfield><subfield code="n">available as open data</subfield><subfield code="u">gebruiksvoorwaarden</subfield></datafield><datafield tag="650" ind1=" " ind2="7"><subfield code="2">KUL</subfield><subfield code="a">VoL Gebouw</subfield><subfield code="x">Leuven, Klooster van de Geschoeide Karmelieten</subfield></datafield><datafield tag="650" ind1=" " ind2="7"><subfield code="2">KUL</subfield><subfield code="a">VoL Gebouw</subfield><subfield code="x">Leuven, Sint-Catharinakapel</subfield></datafield><datafield tag="650" ind1=" " ind2="7"><subfield code="2">KUL</subfield><subfield code="a">VoL Gebtype</subfield><subfield code="x">kapellen</subfield></datafield><datafield tag="650" ind1=" " ind2="7"><subfield code="2">KUL</subfield><subfield code="a">VoL Gebtype</subfield><subfield code="x">kloosters</subfield></datafield><datafield tag="650" ind1=" " ind2="7"><subfield code="2">KUL</subfield><subfield code="a">VoL Gebtype</subfield><subfield code="x">kerken (kerkgebouwen)</subfield></datafield><datafield tag="653" ind1=" " ind2="6"><subfield code="a">Topographical pictures</subfield></datafield><datafield tag="700" ind1="1" ind2=" "><subfield code="a">Blokhuysen, Reynier</subfield><subfield code="g">Dutch draftsman and engraver, active 1709-1724?</subfield><subfield code="4">art</subfield><subfield code="3">designer</subfield></datafield><datafield tag="775" ind1="1" ind2="8"><subfield code="w">(BeLVLBS)000867632LBS01-Aleph</subfield><subfield code="t">&lt;&lt;Antonii Sanderi [...] &gt;&gt;Chorographia sacra conventuum, Bruxellensis, Boetendalensis, Lovaniensis, Mechliniensis &amp; Antverpiensis patrum minorum /</subfield><subfield code="4">776</subfield></datafield><datafield tag="830" ind1="1" ind2="0"><subfield code="a">Leuven. Religieuze gebouwen</subfield></datafield><datafield tag="856" ind1="4" ind2=" "><subfield code="u">http://resolver.libis.be/IE980463/representation</subfield><subfield code="y">KU Leuven Libraries BIBC BRES TB00304</subfield></datafield><datafield tag="856" ind1="4" ind2=" "><subfield code="u">http://resolver.libis.be/IE980372/representation</subfield><subfield code="y">KU Leuven Libraries BIBC BRES TB00210</subfield></datafield><datafield tag="900" ind1=" " ind2=" "><subfield code="a">NO DEDUP</subfield></datafield><datafield tag="950" ind1=" " ind2=" "><subfield code="b">engraving(s)</subfield><subfield code="b">etching(s)</subfield></datafield><datafield tag="957" ind1=" " ind2=" "><subfield code="a">CONVENTUS CARMELI LOVANIENSIS AD S CATHARINAM</subfield><subfield code="b">in de voorstelling: bovenaan, centraal</subfield></datafield><datafield tag="957" ind1=" " ind2=" "><subfield code="a">R. Blokhuyse F.</subfield><subfield code="b">buiten de voorstelling: onderaan, centraal</subfield></datafield><datafield tag="981" ind1=" " ind2=" "><subfield code="a">Digital title KU Leuven Libraries</subfield></datafield></record>