<record><leader>02359nkm a2200385 a 4500</leader><controlfield tag="001">9980179780101488</controlfield><controlfield tag="005">20200503114749.0</controlfield><controlfield tag="008">110204s1726    xx nnn            ||lat d</controlfield><datafield tag="035" ind1=" " ind2=" "><subfield code="a">(BeLVLBS)008017978LBS01-Aleph</subfield></datafield><datafield tag="040" ind1=" " ind2=" "><subfield code="a">BeLVLBS</subfield><subfield code="b">Language of cataloging varies</subfield><subfield code="e">rda based</subfield></datafield><datafield tag="245" ind1="0" ind2="0"><subfield code="a">Parchum Dominorum ordinis praemonstratensis</subfield></datafield><datafield tag="260" ind1=" " ind2=" "><subfield code="c">1726</subfield></datafield><datafield tag="300" ind1=" " ind2=" "><subfield code="c">voorstelling: 327 x 440 mm</subfield><subfield code="c">voorstelling met opschrift: 343 x 440 mm.</subfield></datafield><datafield tag="336" ind1=" " ind2=" "><subfield code="a">still image</subfield><subfield code="2">rdacontent</subfield></datafield><datafield tag="337" ind1=" " ind2=" "><subfield code="a">unmediated</subfield><subfield code="2">rdamedia</subfield></datafield><datafield tag="338" ind1=" " ind2=" "><subfield code="a">card</subfield><subfield code="2">rdacarrier</subfield></datafield><datafield tag="340" ind1=" " ind2=" "><subfield code="a">Graphic</subfield></datafield><datafield tag="340" ind1=" " ind2=" "><subfield code="o">Black-and-white ;</subfield></datafield><datafield tag="545" ind1=" " ind2=" "><subfield code="a">Gezicht van uit vogelperspectief op de Abdij van Park. Onderaan rechts de vijver. Midden rechts de vertrekken en kerk. Centraal de tuinen. Omringend landschap. Bovenaan links in inzet hoofdingang van de abdij. Bovenaan rechts in inzet een zijaanzicht van de abdij.</subfield></datafield><datafield tag="580" ind1=" " ind2=" "><subfield code="a">illustratie uit: Sanderus, Antonius, Antonii Sanderi [...] &gt;&gt;Chorographia sacra conventuum, Bruxellensis, Boetendalensis, Lovaniensis, Mechliniensis &amp; Antverpiensis patrum minorum /ex monasteriorum tabulis,&amp; principum diplomatibus [...] eruta et imaginibus aeneis illustrata, 1726-27.</subfield></datafield><datafield tag="542" ind1=" " ind2=" "><subfield code="l">public domain</subfield><subfield code="n">available as open data</subfield><subfield code="u">gebruiksvoorwaarden</subfield></datafield><datafield tag="650" ind1=" " ind2="7"><subfield code="2">KUL</subfield><subfield code="a">VoL Gebouw</subfield><subfield code="x">Heverlee, Abdij van Park</subfield></datafield><datafield tag="650" ind1=" " ind2="7"><subfield code="2">KUL</subfield><subfield code="a">VoL Gebtype</subfield><subfield code="x">kloosters</subfield></datafield><datafield tag="653" ind1=" " ind2="6"><subfield code="a">Topographical pictures</subfield></datafield><datafield tag="775" ind1="1" ind2="8"><subfield code="w">(BeLVLBS)001215651LBS01-Aleph</subfield><subfield code="t">&lt;&lt;Antonii Sanderi [...] &gt;&gt;Chorographia sacra Brabantiae, sive Celebrium aliquot in ea provincia abbatiarum, coenobiorum, monasteriorum, ecclesiarum, piarumque fundationum descriptio /</subfield><subfield code="4">776</subfield></datafield><datafield tag="830" ind1="1" ind2="0"><subfield code="a">Heverlee. Religieuze gebouwen</subfield></datafield><datafield tag="856" ind1="4" ind2=" "><subfield code="u">http://resolver.libis.be/IE980365/representation</subfield><subfield code="y">KU Leuven Libraries BIBC BRES TB00209</subfield></datafield><datafield tag="900" ind1=" " ind2=" "><subfield code="a">NO DEDUP</subfield></datafield><datafield tag="950" ind1=" " ind2=" "><subfield code="b">etching(s)</subfield></datafield><datafield tag="957" ind1=" " ind2=" "><subfield code="a">Anno 1726.</subfield><subfield code="b">in de voorstelling: bovenaan, centraal</subfield></datafield><datafield tag="957" ind1=" " ind2=" "><subfield code="a">NEQUID NIMIS / DEUS VERAX</subfield><subfield code="b">in de voorstelling: bovenaan, centraal</subfield></datafield><datafield tag="957" ind1=" " ind2=" "><subfield code="a">PARCHUM DOMINORUM /ORDINIS PRAEMONSTRATENSIS / IUXTA LOVANIUM FUNDATUM / A GODEFRIDO I BARBATO / ANNO 1129.</subfield><subfield code="b">in de voorstelling: bovenaan, centraal</subfield></datafield><datafield tag="957" ind1=" " ind2=" "><subfield code="a">Sub regimine R:ac Ampl:Dni / D:HIER:DE WAERSEGGERE / Abbatis 35. Ducum Brabantia / Archicap:&amp;c. &amp;c. A. °1726. ~</subfield><subfield code="b">in de voorstelling: onderaan, rechts</subfield></datafield><datafield tag="957" ind1=" " ind2=" "><subfield code="a">letters</subfield><subfield code="b">in de voorstelling: verspreid</subfield></datafield><datafield tag="957" ind1=" " ind2=" "><subfield code="a">legende</subfield><subfield code="b">buiten de voorstelling: onderaan</subfield></datafield><datafield tag="981" ind1=" " ind2=" "><subfield code="a">Digital title KU Leuven Libraries</subfield></datafield></record>