<record><leader>02267nkm a2200385 a 4500</leader><controlfield tag="001">9980179910101488</controlfield><controlfield tag="005">20200503114815.0</controlfield><controlfield tag="008">110204q1727    xx nnn            ||lat d</controlfield><datafield tag="035" ind1=" " ind2=" "><subfield code="a">(BeLVLBS)008017991LBS01-Aleph</subfield></datafield><datafield tag="040" ind1=" " ind2=" "><subfield code="a">BeLVLBS</subfield><subfield code="b">Language of cataloging varies</subfield><subfield code="e">rda based</subfield></datafield><datafield tag="245" ind1="0" ind2="0"><subfield code="a">Conventus Lovaniensis Fratrum Minorum Regul obs</subfield></datafield><datafield tag="260" ind1=" " ind2=" "><subfield code="c">1727</subfield></datafield><datafield tag="300" ind1=" " ind2=" "><subfield code="c">voorstelling met kader: 363 x 461 mm.</subfield></datafield><datafield tag="336" ind1=" " ind2=" "><subfield code="a">still image</subfield><subfield code="2">rdacontent</subfield></datafield><datafield tag="337" ind1=" " ind2=" "><subfield code="a">unmediated</subfield><subfield code="2">rdamedia</subfield></datafield><datafield tag="338" ind1=" " ind2=" "><subfield code="a">card</subfield><subfield code="2">rdacarrier</subfield></datafield><datafield tag="340" ind1=" " ind2=" "><subfield code="a">Graphic</subfield></datafield><datafield tag="340" ind1=" " ind2=" "><subfield code="o">Black-and-white ;</subfield></datafield><datafield tag="545" ind1=" " ind2=" "><subfield code="a">Gezicht op het Minderbroedersklooster met kerk. Op de voorgrond de Parijsstraat. Langs het klooster tot aan de oude stadsomwalling is de Minderbroedersstraat zichtbaar.</subfield></datafield><datafield tag="580" ind1=" " ind2=" "><subfield code="a">illustratie uit: illustratie uit: Antonii Sanderi [...] &gt;&gt;Chorographia sacra conventuum, Bruxellensis, Boetendalensis, Lovaniensis, Mechliniensis &amp; Antverpiensis patrum minorum /ex monasteriorum tabulis,&amp; principum diplomatibus [...] eruta et imaginibus aeneis illustrata.</subfield></datafield><datafield tag="542" ind1=" " ind2=" "><subfield code="l">public domain</subfield><subfield code="n">available as open data</subfield><subfield code="u">gebruiksvoorwaarden</subfield></datafield><datafield tag="650" ind1=" " ind2="7"><subfield code="2">KUL</subfield><subfield code="a">VoL Gebouw</subfield><subfield code="x">Leuven, Minderbroedersklooster</subfield></datafield><datafield tag="650" ind1=" " ind2="7"><subfield code="2">KUL</subfield><subfield code="a">VoL Gebtype</subfield><subfield code="x">kloosters</subfield></datafield><datafield tag="650" ind1=" " ind2="7"><subfield code="2">KUL</subfield><subfield code="a">VoL Gebtype</subfield><subfield code="x">kerken (kerkgebouwen)</subfield></datafield><datafield tag="650" ind1=" " ind2="7"><subfield code="2">KUL</subfield><subfield code="a">VoL Straat</subfield><subfield code="x">Leuven, Minderbroedersstraat (voorheen : Vredestraat)</subfield></datafield><datafield tag="650" ind1=" " ind2="7"><subfield code="2">KUL</subfield><subfield code="a">VoL Straat</subfield><subfield code="x">Leuven, Parijsstraat</subfield></datafield><datafield tag="653" ind1=" " ind2="6"><subfield code="a">Topographical pictures</subfield></datafield><datafield tag="775" ind1="1" ind2="8"><subfield code="w">(BeLVLBS)000867632LBS01-Aleph</subfield><subfield code="t">&lt;&lt;Antonii Sanderi [...] &gt;&gt;Chorographia sacra conventuum, Bruxellensis, Boetendalensis, Lovaniensis, Mechliniensis &amp; Antverpiensis patrum minorum /</subfield><subfield code="4">776</subfield></datafield><datafield tag="830" ind1="1" ind2="0"><subfield code="a">Leuven. Religieuze gebouwen</subfield></datafield><datafield tag="856" ind1="4" ind2=" "><subfield code="u">http://resolver.libis.be/IE980379/representation</subfield><subfield code="y">KU Leuven Libraries BIBC BRES TB00211</subfield></datafield><datafield tag="900" ind1=" " ind2=" "><subfield code="a">NO DEDUP</subfield></datafield><datafield tag="950" ind1=" " ind2=" "><subfield code="b">engraving(s)</subfield><subfield code="b">etching(s)</subfield></datafield><datafield tag="957" ind1=" " ind2=" "><subfield code="a">CONVENTUS LOVANIENSIS / FF. MINORVM REG: OBS</subfield><subfield code="b">in de voorstelling: bovenaan, centraal</subfield></datafield><datafield tag="957" ind1=" " ind2=" "><subfield code="a">legende</subfield><subfield code="b">in de voorstelling: bovenaan, rechts</subfield></datafield><datafield tag="957" ind1=" " ind2=" "><subfield code="a">Reverendo Admodum Patri / P.F. GVILIELMO HERINX. / S.TH. LECTORI IVBILATO / nec non / Provinciae inferioris Germaniae / Fratrum Minorum / Regul Obs: / PROVINCIALI MINISTRO / D.D. / Guardianus el Conventus / Lovaniensis eiusdem Ordinis / 1664.</subfield><subfield code="b">in de voorstelling: onderaan, links</subfield></datafield><datafield tag="981" ind1=" " ind2=" "><subfield code="a">Digital title KU Leuven Libraries</subfield></datafield></record>