<record><leader>01769nkm a2200373 a 4500</leader><controlfield tag="001">9980180250101488</controlfield><controlfield tag="005">20200503114750.0</controlfield><controlfield tag="008">110204q16uu    xx nnn            ||lat d</controlfield><datafield tag="035" ind1=" " ind2=" "><subfield code="a">(BeLVLBS)008018025LBS01-Aleph</subfield></datafield><datafield tag="040" ind1=" " ind2=" "><subfield code="a">BeLVLBS</subfield><subfield code="b">Language of cataloging varies</subfield><subfield code="e">rda based</subfield></datafield><datafield tag="245" ind1="0" ind2="0"><subfield code="a">Sint-Pieter maakt een einde aan de belegering van Leuven in 1635</subfield></datafield><datafield tag="260" ind1=" " ind2=" "><subfield code="g">1600-1700</subfield></datafield><datafield tag="300" ind1=" " ind2=" "><subfield code="c">voorstelling: 121 x 187 mm</subfield><subfield code="c">voorstelling met opschrift: 140 x 187 mm.</subfield></datafield><datafield tag="336" ind1=" " ind2=" "><subfield code="a">still image</subfield><subfield code="2">rdacontent</subfield></datafield><datafield tag="337" ind1=" " ind2=" "><subfield code="a">unmediated</subfield><subfield code="2">rdamedia</subfield></datafield><datafield tag="338" ind1=" " ind2=" "><subfield code="a">card</subfield><subfield code="2">rdacarrier</subfield></datafield><datafield tag="340" ind1=" " ind2=" "><subfield code="a">Graphic</subfield></datafield><datafield tag="340" ind1=" " ind2=" "><subfield code="o">Black-and-white ;</subfield></datafield><datafield tag="500" ind1=" " ind2=" "><subfield code="a">titel gecreëerd door catalograaf</subfield></datafield><datafield tag="545" ind1=" " ind2=" "><subfield code="a">Allegorisch tafereel. Vooraan staat Sint-Pieter, patroonheilige van Leuven, die een einde maakt aan de belegering van de stad in 1635. Een man, die de vijand voorstelt, wordt verjaagd. Op de achtergrond zijn de stadsmuren, de toren Verloren Kost en de Keizersberg zichtbaar.</subfield></datafield><datafield tag="581" ind1=" " ind2=" "><subfield code="a">De universiteit te Leuven 1425-1975, p. 34.</subfield></datafield><datafield tag="585" ind1=" " ind2=" "><subfield code="a">Loven Boven: p.25</subfield></datafield><datafield tag="542" ind1=" " ind2=" "><subfield code="l">public domain</subfield><subfield code="n">available as open data</subfield><subfield code="u">gebruiksvoorwaarden</subfield></datafield><datafield tag="650" ind1=" " ind2="7"><subfield code="2">KUL</subfield><subfield code="a">VoL Gebouw</subfield><subfield code="x">Leuven, Keizersberg</subfield></datafield><datafield tag="650" ind1=" " ind2="7"><subfield code="2">KUL</subfield><subfield code="a">VoL Gebtype</subfield><subfield code="x">verdedigingsmuren</subfield></datafield><datafield tag="650" ind1=" " ind2="7"><subfield code="2">KUL</subfield><subfield code="a">Vol Gebtype</subfield><subfield code="x">kastelen</subfield></datafield><datafield tag="653" ind1=" " ind2="6"><subfield code="a">Topographical pictures</subfield></datafield><datafield tag="700" ind1="1" ind2=" "><subfield code="a">Franchoys, P.</subfield><subfield code="4">art</subfield><subfield code="3">mogelijk Franchoys, Peter (Flemish painter, 1606-1654)</subfield></datafield><datafield tag="830" ind1="1" ind2="0"><subfield code="a">Leuven. Burgerlijke gebouwen</subfield></datafield><datafield tag="856" ind1="4" ind2=" "><subfield code="u">http://resolver.libis.be/IE980386/representation</subfield><subfield code="y">KU Leuven Libraries BIBC BRES TB00212</subfield></datafield><datafield tag="900" ind1=" " ind2=" "><subfield code="a">NO DEDUP</subfield></datafield><datafield tag="950" ind1=" " ind2=" "><subfield code="b">engraving(s)</subfield></datafield><datafield tag="957" ind1=" " ind2=" "><subfield code="a">P. francoÿs</subfield><subfield code="b">in de voorstelling: onderaan, links</subfield></datafield><datafield tag="957" ind1=" " ind2=" "><subfield code="a">hereseos faVtor proCVL hInC peLLarIs et aVthor: / non CeDo CLaVes qVas fIDeI hostIs aVes.</subfield><subfield code="b">buiten de voorstelling: onderaan, centraal</subfield></datafield><datafield tag="981" ind1=" " ind2=" "><subfield code="a">Digital title KU Leuven Libraries</subfield></datafield></record>