<record><leader>01827nkm a2200409 a 4500</leader><controlfield tag="001">9980180510101488</controlfield><controlfield tag="005">20200503114811.0</controlfield><controlfield tag="008">110204q19uu    xx nnn            ||dut d</controlfield><datafield tag="035" ind1=" " ind2=" "><subfield code="a">(BeLVLBS)008018051LBS01-Aleph</subfield></datafield><datafield tag="040" ind1=" " ind2=" "><subfield code="a">BeLVLBS</subfield><subfield code="b">Language of cataloging varies</subfield><subfield code="e">rda based</subfield></datafield><datafield tag="245" ind1="0" ind2="0"><subfield code="a">Leuven, Vlamingenstraat Kadoc / Vleminckxkapel en voormalig klooster Franciskanen-Minderbroeders</subfield></datafield><datafield tag="260" ind1=" " ind2=" "><subfield code="c">1950-2000</subfield></datafield><datafield tag="300" ind1=" " ind2=" "><subfield code="c">voorstelling: 250 x 360 mm.</subfield></datafield><datafield tag="336" ind1=" " ind2=" "><subfield code="a">still image</subfield><subfield code="2">rdacontent</subfield></datafield><datafield tag="337" ind1=" " ind2=" "><subfield code="a">unmediated</subfield><subfield code="2">rdamedia</subfield></datafield><datafield tag="338" ind1=" " ind2=" "><subfield code="a">card</subfield><subfield code="2">rdacarrier</subfield></datafield><datafield tag="340" ind1=" " ind2=" "><subfield code="a">Graphic</subfield></datafield><datafield tag="340" ind1=" " ind2=" "><subfield code="o">Multi coloured ;</subfield></datafield><datafield tag="545" ind1=" " ind2=" "><subfield code="a">Gezicht op het Kadoc en op de kapel van Onze-Lieve-Vrouw-ter-Koorts, op de voorgrond wandelen enkele mensen op de Vlamingenstraat.</subfield></datafield><datafield tag="542" ind1=" " ind2=" "><subfield code="l">public domain</subfield><subfield code="n">available as open data</subfield><subfield code="u">gebruiksvoorwaarden</subfield></datafield><datafield tag="650" ind1=" " ind2="7"><subfield code="2">KUL</subfield><subfield code="a">VoL Gebouw</subfield><subfield code="x">Leuven, Kadoc (Katholiek documentatie-en onderzoekscentrum)</subfield></datafield><datafield tag="650" ind1=" " ind2="7"><subfield code="2">KUL</subfield><subfield code="a">VoL Gebouw</subfield><subfield code="x">Leuven, Vleminckxkapel</subfield></datafield><datafield tag="650" ind1=" " ind2="7"><subfield code="2">KUL</subfield><subfield code="a">VoL Gebouw</subfield><subfield code="x">Leuven, Minderbroedersklooster</subfield></datafield><datafield tag="650" ind1=" " ind2="7"><subfield code="2">KUL</subfield><subfield code="a">VoL Gebtype</subfield><subfield code="x">kapellen</subfield></datafield><datafield tag="650" ind1=" " ind2="7"><subfield code="2">KUL</subfield><subfield code="a">VoL Gebtype</subfield><subfield code="x">kloosters</subfield></datafield><datafield tag="650" ind1=" " ind2="7"><subfield code="2">KUL</subfield><subfield code="a">VoL Straat</subfield><subfield code="x">Leuven, Vlamingenstraat (voorheen : Brutusstraat)</subfield></datafield><datafield tag="653" ind1=" " ind2="6"><subfield code="a">Topographical pictures</subfield></datafield><datafield tag="700" ind1="1" ind2=" "><subfield code="a">Steven</subfield><subfield code="d">1937-</subfield><subfield code="g">Belgian illustrator, cartoonist, draftsman</subfield><subfield code="4">art</subfield></datafield><datafield tag="830" ind1="1" ind2="0"><subfield code="a">Leuven. Universiteitsgebouwen</subfield></datafield><datafield tag="830" ind1="1" ind2="0"><subfield code="a">Leuven. Religieuze gebouwen</subfield></datafield><datafield tag="830" ind1="1" ind2="0"><subfield code="a">Leuven. Straten</subfield></datafield><datafield tag="856" ind1="4" ind2=" "><subfield code="u">http://resolver.libis.be/IE980428/representation</subfield><subfield code="y">KU Leuven Libraries BIBC BRES TB00218</subfield></datafield><datafield tag="900" ind1=" " ind2=" "><subfield code="a">NO DEDUP</subfield></datafield><datafield tag="950" ind1=" " ind2=" "><subfield code="b">screen printing</subfield></datafield><datafield tag="957" ind1=" " ind2=" "><subfield code="a">Leuven, Vlamingenstr. Kadoc</subfield><subfield code="b">in de voorstelling: onderaan, links</subfield></datafield><datafield tag="957" ind1=" " ind2=" "><subfield code="a">Steven Zeefdruk 2/25</subfield><subfield code="b">in de voorstelling: onderaan, rechts</subfield></datafield><datafield tag="957" ind1=" " ind2=" "><subfield code="a">Vleminckxkapel en voormalige klooster Franciskanen-Minderbroeders</subfield><subfield code="b">in de voorstelling: onderaan, rechts</subfield></datafield><datafield tag="981" ind1=" " ind2=" "><subfield code="a">Digital title KU Leuven Libraries</subfield></datafield></record>