<record><leader>01666nkm a2200349 a 4500</leader><controlfield tag="001">9980184010101488</controlfield><controlfield tag="005">20200503114811.0</controlfield><controlfield tag="008">110204s1649    xx nnn            ||lat d</controlfield><datafield tag="035" ind1=" " ind2=" "><subfield code="a">(BeLVLBS)008018401LBS01-Aleph</subfield></datafield><datafield tag="040" ind1=" " ind2=" "><subfield code="a">BeLVLBS</subfield><subfield code="b">Language of cataloging varies</subfield><subfield code="e">rda based</subfield></datafield><datafield tag="245" ind1="0" ind2="0"><subfield code="a">Lovanium Vulgo Loven</subfield></datafield><datafield tag="260" ind1=" " ind2=" "><subfield code="c">1649</subfield></datafield><datafield tag="300" ind1=" " ind2=" "><subfield code="c">voorstelling: 375 x 493 mm.</subfield></datafield><datafield tag="336" ind1=" " ind2=" "><subfield code="a">still image</subfield><subfield code="2">rdacontent</subfield></datafield><datafield tag="337" ind1=" " ind2=" "><subfield code="a">unmediated</subfield><subfield code="2">rdamedia</subfield></datafield><datafield tag="338" ind1=" " ind2=" "><subfield code="a">card</subfield><subfield code="2">rdacarrier</subfield></datafield><datafield tag="340" ind1=" " ind2=" "><subfield code="a">Graphic</subfield></datafield><datafield tag="340" ind1=" " ind2=" "><subfield code="o">Black-and-white ;</subfield></datafield><datafield tag="545" ind1=" " ind2=" "><subfield code="a">Erg gedetailleerde plattegrond van Leuven met toegangswegen. Bovenaan links wapenschild Brabant. Bovenaan rechts wapenschild Leuven. Onderaan links persoon in antieke wapendracht met cartouche. Onderaan rechts, legende in kader waarop astrolabium.</subfield></datafield><datafield tag="500" ind1=" " ind2=" "><subfield code="a">mogelijke kunstenaar De Wit</subfield></datafield><datafield tag="500" ind1=" " ind2=" "><subfield code="a">Voorstelling vertoont erg grote gelijkenis met TA00002</subfield></datafield><datafield tag="581" ind1=" " ind2=" "><subfield code="a">Petit, Jules, Vue de Louvain, 1877, nr 38.</subfield></datafield><datafield tag="580" ind1=" " ind2=" "><subfield code="a">illustratie uit: Blaeu, Joan, Novum ac magnum theatrum urbium Belgicae regiae, ad praesentis temporis faciem expressum, 1649.</subfield></datafield><datafield tag="542" ind1=" " ind2=" "><subfield code="l">public domain</subfield><subfield code="n">available as open data</subfield><subfield code="u">gebruiksvoorwaarden</subfield></datafield><datafield tag="653" ind1=" " ind2="6"><subfield code="a">Topographical pictures</subfield></datafield><datafield tag="775" ind1="1" ind2="8"><subfield code="w">(BeLVLBS)000876391LBS01-Aleph</subfield><subfield code="t">Novum ac magnum theatrum urbium Belgicae regiae, ad praesentis temporis faciem expressum /</subfield><subfield code="4">776</subfield></datafield><datafield tag="830" ind1="1" ind2="0"><subfield code="a">Leuven. Plattegrond</subfield></datafield><datafield tag="856" ind1="4" ind2=" "><subfield code="u">http://resolver.libis.be/IE980519/representation</subfield><subfield code="y">KU Leuven Libraries BIBC BRES TC00001</subfield></datafield><datafield tag="900" ind1=" " ind2=" "><subfield code="a">NO DEDUP</subfield></datafield><datafield tag="950" ind1=" " ind2=" "><subfield code="b">engraving(s)</subfield><subfield code="b">etching(s)</subfield></datafield><datafield tag="957" ind1=" " ind2=" "><subfield code="a">LOVANIUM / Vulgo / LOVEN.</subfield><subfield code="b">in de voorstelling: onderaan, links</subfield></datafield><datafield tag="957" ind1=" " ind2=" "><subfield code="a">Notarum Explicatio [...] (legende)</subfield><subfield code="b">in de voorstelling: rechts</subfield></datafield><datafield tag="981" ind1=" " ind2=" "><subfield code="a">Digital title KU Leuven Libraries</subfield></datafield></record>