<record><leader>01526nkm a2200337 a 4500</leader><controlfield tag="001">9980184170101488</controlfield><controlfield tag="005">20200503114818.0</controlfield><controlfield tag="008">110204q19uu    xx nnn            ||fre d</controlfield><datafield tag="035" ind1=" " ind2=" "><subfield code="a">(BeLVLBS)008018417LBS01-Aleph</subfield></datafield><datafield tag="040" ind1=" " ind2=" "><subfield code="a">BeLVLBS</subfield><subfield code="b">Language of cataloging varies</subfield><subfield code="e">rda based</subfield></datafield><datafield tag="245" ind1="0" ind2="0"><subfield code="a">Plan de la ville de Louvain</subfield></datafield><datafield tag="260" ind1=" " ind2=" "><subfield code="c">1914-1930</subfield></datafield><datafield tag="300" ind1=" " ind2=" "><subfield code="c">voorstelling met kader: 285 x 248 mm</subfield><subfield code="c">voorstelling met kader en opschrift: 345 x 470 mm.</subfield></datafield><datafield tag="336" ind1=" " ind2=" "><subfield code="a">still image</subfield><subfield code="2">rdacontent</subfield></datafield><datafield tag="337" ind1=" " ind2=" "><subfield code="a">unmediated</subfield><subfield code="2">rdamedia</subfield></datafield><datafield tag="338" ind1=" " ind2=" "><subfield code="a">card</subfield><subfield code="2">rdacarrier</subfield></datafield><datafield tag="340" ind1=" " ind2=" "><subfield code="a">Graphic</subfield></datafield><datafield tag="340" ind1=" " ind2=" "><subfield code="o">Black-and-white ;</subfield></datafield><datafield tag="545" ind1=" " ind2=" "><subfield code="a">Plattegrond van Leuven met aanduiding van de belangrijkste gebouwen en de zones die 1914 door de Duitsers verwoest zijn.</subfield></datafield><datafield tag="542" ind1=" " ind2=" "><subfield code="l">public domain</subfield><subfield code="n">available as open data</subfield><subfield code="u">gebruiksvoorwaarden</subfield></datafield><datafield tag="650" ind1=" " ind2="7"><subfield code="2">KUL</subfield><subfield code="a">VoL Event</subfield><subfield code="x">Wereldoorlog I (1914-1918)</subfield></datafield><datafield tag="653" ind1=" " ind2="6"><subfield code="a">Topographical pictures</subfield></datafield><datafield tag="830" ind1="1" ind2="0"><subfield code="a">Leuven. Plattegrond</subfield></datafield><datafield tag="856" ind1="4" ind2=" "><subfield code="u">http://resolver.libis.be/IE980540/representation</subfield><subfield code="y">KU Leuven Libraries BIBC BRES TC00006</subfield></datafield><datafield tag="900" ind1=" " ind2=" "><subfield code="a">NO DEDUP</subfield></datafield><datafield tag="950" ind1=" " ind2=" "><subfield code="b">line block</subfield></datafield><datafield tag="957" ind1=" " ind2=" "><subfield code="a">aanduiding straten en randgemeenten</subfield><subfield code="b">in de voorstelling: verspreid</subfield></datafield><datafield tag="957" ind1=" " ind2=" "><subfield code="a">Plan de la Ville de Louvain Prix: 10 centimes</subfield><subfield code="b">buiten de voorstelling: bovenaan</subfield></datafield><datafield tag="957" ind1=" " ind2=" "><subfield code="a">legende monumenten en gebouwen</subfield><subfield code="b">buiten de voorstelling: links</subfield></datafield><datafield tag="957" ind1=" " ind2=" "><subfield code="a">lijst gebouwen met hulpdiensten</subfield><subfield code="b">buiten de voorstelling: rechts</subfield></datafield><datafield tag="957" ind1=" " ind2=" "><subfield code="a">N.B. - Les parties ombrées sont celles atteintes par l'incendie. Reproduction interdite</subfield><subfield code="b">buiten de voorstelling: onderaan, centraal</subfield></datafield><datafield tag="981" ind1=" " ind2=" "><subfield code="a">Digital title KU Leuven Libraries</subfield></datafield></record>