<record><leader>01909nkm a2200373 a 4500</leader><controlfield tag="001">9980194980101488</controlfield><controlfield tag="005">20200503114733.0</controlfield><controlfield tag="008">110204q172u    xx nnn            ||lat d</controlfield><datafield tag="035" ind1=" " ind2=" "><subfield code="a">(BeLVLBS)008019498LBS01-Aleph</subfield></datafield><datafield tag="040" ind1=" " ind2=" "><subfield code="a">BeLVLBS</subfield><subfield code="b">Language of cataloging varies</subfield><subfield code="e">rda based</subfield></datafield><datafield tag="245" ind1="0" ind2="0"><subfield code="a">Leuven. Sint-Geertruiabdij</subfield></datafield><datafield tag="260" ind1=" " ind2=" "><subfield code="c">1700-1730</subfield></datafield><datafield tag="300" ind1=" " ind2=" "><subfield code="c">voorstelling: 340 x 455 mm</subfield><subfield code="c">voorstelling met opschrift: 345 x 455 mm.</subfield></datafield><datafield tag="336" ind1=" " ind2=" "><subfield code="a">still image</subfield><subfield code="2">rdacontent</subfield></datafield><datafield tag="337" ind1=" " ind2=" "><subfield code="a">unmediated</subfield><subfield code="2">rdamedia</subfield></datafield><datafield tag="338" ind1=" " ind2=" "><subfield code="a">card</subfield><subfield code="2">rdacarrier</subfield></datafield><datafield tag="340" ind1=" " ind2=" "><subfield code="a">Graphic</subfield></datafield><datafield tag="340" ind1=" " ind2=" "><subfield code="o">Black-and-white ;</subfield></datafield><datafield tag="545" ind1=" " ind2=" "><subfield code="a">Panoramisch gezicht op de Sint-Geertruiabdij en de Sint-Gertrudiskerk. Links een cartouche met inscriptie bekroond door twee putti met een wapen en de wapenspreuk van de abt Guillaume-Philippe de Herzelles. Boven rechts nog twee aanzichten van de abdij.</subfield></datafield><datafield tag="542" ind1=" " ind2=" "><subfield code="l">public domain</subfield><subfield code="n">available as open data</subfield><subfield code="u">gebruiksvoorwaarden</subfield></datafield><datafield tag="650" ind1=" " ind2="7"><subfield code="2">KUL</subfield><subfield code="a">VoL Gebouw</subfield><subfield code="x">Leuven, Sint-Geertruiabdij (Sint-Gertruidis-abdij)</subfield></datafield><datafield tag="650" ind1=" " ind2="7"><subfield code="2">KUL</subfield><subfield code="a">VoL Gebtype</subfield><subfield code="x">abdijen</subfield></datafield><datafield tag="650" ind1=" " ind2="7"><subfield code="2">KUL</subfield><subfield code="a">VoL Straat</subfield><subfield code="x">Leuven, Halfmaartstraat</subfield></datafield><datafield tag="653" ind1=" " ind2="6"><subfield code="a">Topographical pictures</subfield></datafield><datafield tag="700" ind1="1" ind2=" "><subfield code="a">Blokhuysen, Reynier</subfield><subfield code="d">ca. 1673 - ca. 1724</subfield><subfield code="4">art</subfield></datafield><datafield tag="830" ind1="1" ind2="0"><subfield code="a">Leuven. Panorama's</subfield></datafield><datafield tag="830" ind1="1" ind2="0"><subfield code="a">Leuven. Religieuze gebouwen</subfield></datafield><datafield tag="856" ind1="4" ind2=" "><subfield code="u">http://resolver.libis.be/IE980603/representation</subfield><subfield code="y">KU Leuven Libraries BIBC BRES TC00202</subfield></datafield><datafield tag="900" ind1=" " ind2=" "><subfield code="a">NO DEDUP</subfield></datafield><datafield tag="950" ind1=" " ind2=" "><subfield code="b">engraving(s)</subfield></datafield><datafield tag="957" ind1=" " ind2=" "><subfield code="a">PRAESIM UT PROSIM</subfield><subfield code="b">in de voorstelling: onderaan, links</subfield></datafield><datafield tag="957" ind1=" " ind2=" "><subfield code="a">ADMODOM/REVEREND DOMI/=NO D GUILIELM PHI/LIPPO DE HERZELLES/NOBILIS ABBATIAE S GER=/TRUDIS IN OPPIDO LOVANI=/ENSI ABBATI ET ILLUS=/TRISSIMORUM ORDINUM/BRABANTIAE ASSESSORI/ORDINARIO, &amp;</subfield><subfield code="b">in de voorstelling: onderaan, links</subfield></datafield><datafield tag="957" ind1=" " ind2=" "><subfield code="a">R. Blokh. F.</subfield><subfield code="b">buiten de voorstelling: onderaan, links</subfield></datafield><datafield tag="957" ind1=" " ind2=" "><subfield code="a">Nobilissima D. Gertrudis Abbatia Lovanii, Ordinis Canonicorum Regularium S. Augustini</subfield><subfield code="b">buiten de voorstelling: onderaan, centraal</subfield></datafield><datafield tag="981" ind1=" " ind2=" "><subfield code="a">Digital title KU Leuven Libraries</subfield></datafield></record>