<record><leader>01643nkm a2200337 a 4500</leader><controlfield tag="001">9980195550101488</controlfield><controlfield tag="005">20200503114818.0</controlfield><controlfield tag="008">110204s17uu    xx nnn            ||lat d</controlfield><datafield tag="035" ind1=" " ind2=" "><subfield code="a">(BeLVLBS)008019555LBS01-Aleph</subfield></datafield><datafield tag="040" ind1=" " ind2=" "><subfield code="a">BeLVLBS</subfield><subfield code="b">Language of cataloging varies</subfield><subfield code="e">rda based</subfield></datafield><datafield tag="245" ind1="0" ind2="0"><subfield code="a">Conventus Lovaniensis Fratrum Minorum Reg obs</subfield></datafield><datafield tag="300" ind1=" " ind2=" "><subfield code="c">voorstelling: 364 x 463 mm.</subfield></datafield><datafield tag="336" ind1=" " ind2=" "><subfield code="a">still image</subfield><subfield code="2">rdacontent</subfield></datafield><datafield tag="337" ind1=" " ind2=" "><subfield code="a">unmediated</subfield><subfield code="2">rdamedia</subfield></datafield><datafield tag="338" ind1=" " ind2=" "><subfield code="a">card</subfield><subfield code="2">rdacarrier</subfield></datafield><datafield tag="340" ind1=" " ind2=" "><subfield code="a">Graphic</subfield></datafield><datafield tag="340" ind1=" " ind2=" "><subfield code="o">Black-and-white ;</subfield></datafield><datafield tag="545" ind1=" " ind2=" "><subfield code="a">Gezicht op het Minderbroedersklooster met kerk en tuinen. Onderaan links en boven rechts cartouches met inscripties.</subfield></datafield><datafield tag="500" ind1=" " ind2=" "><subfield code="a">voorstelling vertoont gelijkenis met TB00211</subfield></datafield><datafield tag="580" ind1=" " ind2=" "><subfield code="a">illustratie uit: Sanderus : Chorographia Sacra Brabantiae , 1726-7</subfield></datafield><datafield tag="542" ind1=" " ind2=" "><subfield code="l">public domain</subfield><subfield code="n">available as open data</subfield><subfield code="u">gebruiksvoorwaarden</subfield></datafield><datafield tag="650" ind1=" " ind2="7"><subfield code="2">KUL</subfield><subfield code="a">VoL Gebouw</subfield><subfield code="x">Leuven, Minderbroedersklooster</subfield></datafield><datafield tag="650" ind1=" " ind2="7"><subfield code="2">KUL</subfield><subfield code="a">VoL Gebtype</subfield><subfield code="x">kloosters</subfield></datafield><datafield tag="650" ind1=" " ind2="7"><subfield code="2">KUL</subfield><subfield code="a">VoL Gebtype</subfield><subfield code="x">kerken (kerkgebouwen)</subfield></datafield><datafield tag="653" ind1=" " ind2="6"><subfield code="a">Topographical pictures</subfield></datafield><datafield tag="830" ind1="1" ind2="0"><subfield code="a">Leuven. Religieuze gebouwen</subfield></datafield><datafield tag="856" ind1="4" ind2=" "><subfield code="u">http://resolver.libis.be/IE980610/representation</subfield><subfield code="y">KU Leuven Libraries BIBC BRES TC00204</subfield></datafield><datafield tag="900" ind1=" " ind2=" "><subfield code="a">NO DEDUP</subfield></datafield><datafield tag="957" ind1=" " ind2=" "><subfield code="a">Conventus Lovaniensis FF. MINORUM REG:OBS</subfield><subfield code="b">in de voorstelling: centraal, bovenaan</subfield></datafield><datafield tag="957" ind1=" " ind2=" "><subfield code="a">legende klooster (1-20)</subfield><subfield code="b">in de voorstelling: bovenaan, rechts</subfield></datafield><datafield tag="957" ind1=" " ind2=" "><subfield code="a">Reverendo Admodum Patri/PF GUILIELMO HERINX./S.TH.LECTORI IUBILATO/nec non/Provinciae inferioris Germaniae/Fratrum Minorum/Regul Obs/PROVINCIALI MINISTRO/D.D./Guardianus el Conventus/Lovaniensis eiusdem Ordninis/1664</subfield><subfield code="b">in de voorstelling: onderaan, links</subfield></datafield><datafield tag="981" ind1=" " ind2=" "><subfield code="a">Digital title KU Leuven Libraries</subfield></datafield></record>