<record><leader>02117nkm a2200445 a 4500</leader><controlfield tag="001">9980199080101488</controlfield><controlfield tag="005">20200503114744.0</controlfield><controlfield tag="008">110204q18uu    xx nnn            ||ger d</controlfield><datafield tag="035" ind1=" " ind2=" "><subfield code="a">(BeLVLBS)008019908LBS01-Aleph</subfield></datafield><datafield tag="040" ind1=" " ind2=" "><subfield code="a">BeLVLBS</subfield><subfield code="b">Language of cataloging varies</subfield><subfield code="e">rda based</subfield></datafield><datafield tag="245" ind1="0" ind2="0"><subfield code="a">panorama van Leuven</subfield></datafield><datafield tag="260" ind1=" " ind2=" "><subfield code="c">1830-1850</subfield></datafield><datafield tag="260" ind1=" " ind2=" "><subfield code="e">Köln</subfield><subfield code="f">F.C. Eisen</subfield></datafield><datafield tag="300" ind1=" " ind2=" "><subfield code="c">voorstelling: 89 x 538 mm</subfield><subfield code="c">voorstelling met opschrift: 115 x 538 mm.</subfield></datafield><datafield tag="336" ind1=" " ind2=" "><subfield code="a">still image</subfield><subfield code="2">rdacontent</subfield></datafield><datafield tag="337" ind1=" " ind2=" "><subfield code="a">unmediated</subfield><subfield code="2">rdamedia</subfield></datafield><datafield tag="338" ind1=" " ind2=" "><subfield code="a">card</subfield><subfield code="2">rdacarrier</subfield></datafield><datafield tag="340" ind1=" " ind2=" "><subfield code="a">Graphic</subfield></datafield><datafield tag="340" ind1=" " ind2=" "><subfield code="o">Black-and-white ;</subfield></datafield><datafield tag="545" ind1=" " ind2=" "><subfield code="a">Panorama van Leuven met vooraan stationsgebouwen, installaties en spoorweg. Rechts komt de trein aan. Op de achtergrond het stadhuis, de Sint-Pieterskerk en verschillende huizen. Vooraan zijn er vele reizigers en toeschouwers voorgesteld.</subfield></datafield><datafield tag="581" ind1=" " ind2=" "><subfield code="a">L. Hisette, vues et plans de villes, châteaux..., 1917</subfield></datafield><datafield tag="542" ind1=" " ind2=" "><subfield code="l">public domain</subfield><subfield code="n">available as open data</subfield><subfield code="u">gebruiksvoorwaarden</subfield></datafield><datafield tag="650" ind1=" " ind2="7"><subfield code="2">KUL</subfield><subfield code="a">VoL Gebouw</subfield><subfield code="x">Leuven, Station</subfield></datafield><datafield tag="650" ind1=" " ind2="7"><subfield code="2">KUL</subfield><subfield code="a">VoL Gebtype</subfield><subfield code="x">stations</subfield></datafield><datafield tag="650" ind1=" " ind2="7"><subfield code="2">KUL</subfield><subfield code="a">VoL Gebtype</subfield><subfield code="x">woningen (huis)</subfield></datafield><datafield tag="653" ind1=" " ind2="6"><subfield code="a">Topographical pictures</subfield></datafield><datafield tag="700" ind1="1" ind2=" "><subfield code="a">Ditzler, Anton</subfield><subfield code="d">1811-1845</subfield><subfield code="4">art</subfield><subfield code="3">designer</subfield></datafield><datafield tag="700" ind1="1" ind2=" "><subfield code="a">Burkhard</subfield><subfield code="4">art</subfield><subfield code="3">engraver</subfield></datafield><datafield tag="830" ind1="1" ind2="0"><subfield code="a">Leuven. Panorama's</subfield></datafield><datafield tag="830" ind1="1" ind2="0"><subfield code="a">Leuven. Burgerlijke gebouwen</subfield></datafield><datafield tag="830" ind1="1" ind2="0"><subfield code="a">Leuven. Religieuze gebouwen</subfield></datafield><datafield tag="856" ind1="4" ind2=" "><subfield code="u">http://resolver.libis.be/IE980582/representation</subfield><subfield code="y">KU Leuven Libraries BIBC BRES TC00053</subfield></datafield><datafield tag="900" ind1=" " ind2=" "><subfield code="a">NO DEDUP</subfield></datafield><datafield tag="950" ind1=" " ind2=" "><subfield code="b">aquatint</subfield></datafield><datafield tag="957" ind1=" " ind2=" "><subfield code="a">Nach der Natur gezeignet u. gemalt von A. Ditzler</subfield><subfield code="b">buiten de voorstelling: onderaan, links</subfield></datafield><datafield tag="957" ind1=" " ind2=" "><subfield code="a">Gestochen von Burkhard</subfield><subfield code="b">buiten de voorstelling: onderaan rechts</subfield></datafield><datafield tag="957" ind1=" " ind2=" "><subfield code="a">PANORAMA VAN LÖWEN PANORAMA DE LOUVAIN</subfield><subfield code="b">buiten de voorstelling: onderaan, centraal</subfield></datafield><datafield tag="957" ind1=" " ind2=" "><subfield code="a">Verlag von F.C. Eisen in Köln</subfield><subfield code="b">buiten de voorstelling: onderaan, centraal</subfield></datafield><datafield tag="957" ind1=" " ind2=" "><subfield code="a">Pour toute la Belgique chez Perichon, libraire à Bruxelles N°. 26 rue de la Montagne</subfield><subfield code="b">buiten de voorstelling: onderaan, links</subfield></datafield><datafield tag="957" ind1=" " ind2=" "><subfield code="a">(Preis 24 Silberger - 3 Frs)</subfield><subfield code="b">buiten de voorstelling: onderaan, rechts</subfield></datafield><datafield tag="981" ind1=" " ind2=" "><subfield code="a">Digital title KU Leuven Libraries</subfield></datafield></record>