<record><leader>01743nkm a2200361 a 4500</leader><controlfield tag="001">9980200120101488</controlfield><controlfield tag="005">20200503114738.0</controlfield><controlfield tag="008">110204q1877    xx nnn            ||lat d</controlfield><datafield tag="035" ind1=" " ind2=" "><subfield code="a">(BeLVLBS)008020012LBS01-Aleph</subfield></datafield><datafield tag="040" ind1=" " ind2=" "><subfield code="a">BeLVLBS</subfield><subfield code="b">Language of cataloging varies</subfield><subfield code="e">rda based</subfield></datafield><datafield tag="245" ind1="0" ind2="0"><subfield code="a">Civitas Lovaniensis</subfield></datafield><datafield tag="260" ind1=" " ind2=" "><subfield code="c">1877</subfield></datafield><datafield tag="300" ind1=" " ind2=" "><subfield code="c">voorstelling: 478 x 3110 mm.</subfield></datafield><datafield tag="336" ind1=" " ind2=" "><subfield code="a">still image</subfield><subfield code="2">rdacontent</subfield></datafield><datafield tag="337" ind1=" " ind2=" "><subfield code="a">unmediated</subfield><subfield code="2">rdamedia</subfield></datafield><datafield tag="338" ind1=" " ind2=" "><subfield code="a">card</subfield><subfield code="2">rdacarrier</subfield></datafield><datafield tag="340" ind1=" " ind2=" "><subfield code="a">Graphic</subfield></datafield><datafield tag="340" ind1=" " ind2=" "><subfield code="o">Black-and-white ;</subfield></datafield><datafield tag="581" ind1=" " ind2=" "><subfield code="a">Mark Derez in: De geleerde wereld van Keizer Karel, tent.cat. Leuven 2000, p. 17-20</subfield></datafield><datafield tag="545" ind1=" " ind2=" "><subfield code="a">Facsimile van een houtsnede van ca. 1530-1540. Uiterst gedetailleerd panorama van het 16de-eeuwse Leuven en omliggende dorpen. Boven de stad bevinden zich de personificaties van de 7 Vrije Kunsten, telkens omgeven door een wolk. Bovenaan ook: links het wapenschild van Brabant. Centraal: keizerlijk blazoen van Karel V. Rechts het wapenschild van Leuven. Op de voorgrond een voorstelling van mensen aan de arbeid of op jacht.</subfield></datafield><datafield tag="542" ind1=" " ind2=" "><subfield code="l">public domain</subfield><subfield code="n">available as open data</subfield><subfield code="u">gebruiksvoorwaarden</subfield></datafield><datafield tag="650" ind1=" " ind2="7"><subfield code="2">KUL</subfield><subfield code="a">VoL Gebtype</subfield><subfield code="x">kerken (kerkgebouwen)</subfield></datafield><datafield tag="650" ind1=" " ind2="7"><subfield code="2">KUL</subfield><subfield code="a">VoL Gebtype</subfield><subfield code="x">verdedigingsmuren</subfield></datafield><datafield tag="650" ind1=" " ind2="7"><subfield code="2">KUL</subfield><subfield code="a">VoL Gebtype</subfield><subfield code="x">woningen (huis)</subfield></datafield><datafield tag="653" ind1=" " ind2="6"><subfield code="a">Topographical pictures</subfield></datafield><datafield tag="830" ind1="1" ind2="0"><subfield code="a">Leuven. Panorama's</subfield></datafield><datafield tag="830" ind1="1" ind2="0"><subfield code="a">Leuven. Burgerlijke gebouwen</subfield></datafield><datafield tag="830" ind1="1" ind2="0"><subfield code="a">Leuven. Religieuze gebouwen</subfield></datafield><datafield tag="856" ind1="4" ind2=" "><subfield code="u">http://resolver.libis.be/IE980568/representation</subfield><subfield code="y">KU Leuven Libraries BIBC BRES TC00050</subfield></datafield><datafield tag="900" ind1=" " ind2=" "><subfield code="a">NO DEDUP</subfield></datafield><datafield tag="950" ind1=" " ind2=" "><subfield code="b">lithograph(s)</subfield><subfield code="c">reproductie van een houtsnede</subfield></datafield><datafield tag="957" ind1=" " ind2=" "><subfield code="a">namen van kerken, plaatsen</subfield><subfield code="b">in de voorstelling: verspreid</subfield></datafield><datafield tag="957" ind1=" " ind2=" "><subfield code="a">CIVITAS LOVANIENSIS</subfield><subfield code="b">in de voorstelling: bovenaan, centraal</subfield></datafield><datafield tag="981" ind1=" " ind2=" "><subfield code="a">Digital title KU Leuven Libraries</subfield></datafield></record>