<record><leader>01301nkm a2200325 a 4500</leader><controlfield tag="001">9980110730101488</controlfield><controlfield tag="005">20200503114703.0</controlfield><controlfield tag="008">110204q1899    xx nnn            ||dut d</controlfield><datafield tag="035" ind1=" " ind2=" "><subfield code="a">(BeLVLBS)008011073LBS01-Aleph</subfield></datafield><datafield tag="040" ind1=" " ind2=" "><subfield code="a">BeLVLBS</subfield><subfield code="b">Language of cataloging varies</subfield><subfield code="e">rda based</subfield></datafield><datafield tag="245" ind1="0" ind2="0"><subfield code="a">Leuven op 't einde van de XIVde eeuw</subfield></datafield><datafield tag="260" ind1=" " ind2=" "><subfield code="e">Leuven</subfield></datafield><datafield tag="260" ind1=" " ind2=" "><subfield code="c">1899</subfield></datafield><datafield tag="300" ind1=" " ind2=" "><subfield code="c">voorstelling: 245 x 270 mm.</subfield></datafield><datafield tag="336" ind1=" " ind2=" "><subfield code="a">still image</subfield><subfield code="2">rdacontent</subfield></datafield><datafield tag="337" ind1=" " ind2=" "><subfield code="a">unmediated</subfield><subfield code="2">rdamedia</subfield></datafield><datafield tag="338" ind1=" " ind2=" "><subfield code="a">card</subfield><subfield code="2">rdacarrier</subfield></datafield><datafield tag="340" ind1=" " ind2=" "><subfield code="a">Graphic</subfield></datafield><datafield tag="340" ind1=" " ind2=" "><subfield code="o">Black-and-white ;</subfield></datafield><datafield tag="545" ind1=" " ind2=" "><subfield code="a">Plattegrond van Leuven met straatnamen, gebieden en kerken aangeduid</subfield></datafield><datafield tag="500" ind1=" " ind2=" "><subfield code="a">19de-eeuwse reconstructie van stratenplan van het einde van de 14de eeuw</subfield></datafield><datafield tag="580" ind1=" " ind2=" "><subfield code="a">illustratie uit: Herman Vanderlinden, Geschiedenis van de stad Leuven, Leuven, 1899</subfield></datafield><datafield tag="542" ind1=" " ind2=" "><subfield code="l">public domain</subfield><subfield code="n">available as open data</subfield><subfield code="u">gebruiksvoorwaarden</subfield></datafield><datafield tag="653" ind1=" " ind2="6"><subfield code="a">Topographical pictures</subfield></datafield><datafield tag="775" ind1="1" ind2="8"><subfield code="w">(BeLVLBS)000106228LBS01-Aleph</subfield><subfield code="t">In: Herman Vanderlinden, Geschiedenis van de stad Leuven, Leuven, 1899</subfield><subfield code="4">776</subfield></datafield><datafield tag="830" ind1="1" ind2="0"><subfield code="a">Leuven. Plattegrond.</subfield></datafield><datafield tag="856" ind1="4" ind2=" "><subfield code="u">http://resolver.libis.be/IE979077/representation</subfield><subfield code="y">KU Leuven Libraries BIBC BRES TA00004</subfield></datafield><datafield tag="900" ind1=" " ind2=" "><subfield code="a">NO DEDUP</subfield></datafield><datafield tag="950" ind1=" " ind2=" "><subfield code="b">lithograph(s)</subfield></datafield><datafield tag="957" ind1=" " ind2=" "><subfield code="a">Leuven op 't einde van de XIVde eeuw</subfield><subfield code="b">in de voorstelling: onderaan, links</subfield></datafield><datafield tag="981" ind1=" " ind2=" "><subfield code="a">Digital title KU Leuven Libraries</subfield></datafield></record>