<record><leader>01595nkm a2200361 a 4500</leader><controlfield tag="001">9980112050101488</controlfield><controlfield tag="005">20200503114738.0</controlfield><controlfield tag="008">110204q19uu    xx nnn            ||fre d</controlfield><datafield tag="035" ind1=" " ind2=" "><subfield code="a">(BeLVLBS)008011205LBS01-Aleph</subfield></datafield><datafield tag="040" ind1=" " ind2=" "><subfield code="a">BeLVLBS</subfield><subfield code="b">Language of cataloging varies</subfield><subfield code="e">rda based</subfield></datafield><datafield tag="245" ind1="0" ind2="0"><subfield code="a">Louvain Leuven Louvain Löwen</subfield></datafield><datafield tag="260" ind1=" " ind2=" "><subfield code="c">1870-1930</subfield></datafield><datafield tag="260" ind1=" " ind2=" "><subfield code="e">Louvain</subfield><subfield code="f">Giele, Ferdinand</subfield></datafield><datafield tag="300" ind1=" " ind2=" "><subfield code="c">voorstelling: 265 x 245 mm</subfield><subfield code="c">voorstelling met opschrift: 328 x 245 mm.</subfield></datafield><datafield tag="336" ind1=" " ind2=" "><subfield code="a">still image</subfield><subfield code="2">rdacontent</subfield></datafield><datafield tag="337" ind1=" " ind2=" "><subfield code="a">unmediated</subfield><subfield code="2">rdamedia</subfield></datafield><datafield tag="338" ind1=" " ind2=" "><subfield code="a">card</subfield><subfield code="2">rdacarrier</subfield></datafield><datafield tag="340" ind1=" " ind2=" "><subfield code="a">Graphic</subfield></datafield><datafield tag="340" ind1=" " ind2=" "><subfield code="o">Black-and-white ;</subfield></datafield><datafield tag="545" ind1=" " ind2=" "><subfield code="a">Plattegrond van Leuven met straatnamen. Belangrijke gebouwen zijn grafisch voorgesteld. In rechter bovenhoek een afbeelding van het stadhuis. Boven de plattegrond het stadswapen.</subfield></datafield><datafield tag="500" ind1=" " ind2=" "><subfield code="a">op ommezijde viertalige uitleg 'bezoek der gebouwen, museums, gestichten'</subfield></datafield><datafield tag="580" ind1=" " ind2=" "><subfield code="a">Illustratie uit: brochure</subfield></datafield><datafield tag="542" ind1=" " ind2=" "><subfield code="l">public domain</subfield><subfield code="n">available as open data</subfield><subfield code="u">gebruiksvoorwaarden</subfield></datafield><datafield tag="653" ind1=" " ind2="6"><subfield code="a">Topographical pictures</subfield></datafield><datafield tag="700" ind1="1" ind2=" "><subfield code="a">Giele, Ferdinand</subfield><subfield code="d">1867-1929</subfield><subfield code="g">Belgian painter, graphic artist</subfield><subfield code="4">art</subfield><subfield code="3">designer, lithographer</subfield></datafield><datafield tag="830" ind1="1" ind2="0"><subfield code="a">Leuven. Plattegrond.</subfield></datafield><datafield tag="856" ind1="4" ind2=" "><subfield code="u">http://resolver.libis.be/IE979084/representation</subfield><subfield code="y">KU Leuven Libraries BIBC BRES TA00010</subfield></datafield><datafield tag="900" ind1=" " ind2=" "><subfield code="a">NO DEDUP</subfield></datafield><datafield tag="950" ind1=" " ind2=" "><subfield code="b">lithograph(s)</subfield></datafield><datafield tag="957" ind1=" " ind2=" "><subfield code="a">straatnamen</subfield><subfield code="b">in de voorstelling: verspreid</subfield></datafield><datafield tag="957" ind1=" " ind2=" "><subfield code="a">Louvain Leuven</subfield><subfield code="b">buiten de voorstelling: bovenaan, rechts</subfield></datafield><datafield tag="957" ind1=" " ind2=" "><subfield code="a">Louvain Löwen</subfield><subfield code="b">buiten de voorstelling: bovenaan, links</subfield></datafield><datafield tag="957" ind1=" " ind2=" "><subfield code="a">Impr. &amp; Lith. Giele Louvain</subfield><subfield code="b">buiten de voorstelling: onderaan, links</subfield></datafield><datafield tag="981" ind1=" " ind2=" "><subfield code="a">Digital title KU Leuven Libraries</subfield></datafield></record>