<record><leader>01502nkm a2200313 a 4500</leader><controlfield tag="001">9980112740101488</controlfield><controlfield tag="005">20200503114717.0</controlfield><controlfield tag="008">110204q16uu    xx nnn            ||ger d</controlfield><datafield tag="035" ind1=" " ind2=" "><subfield code="a">(BeLVLBS)008011274LBS01-Aleph</subfield></datafield><datafield tag="040" ind1=" " ind2=" "><subfield code="a">BeLVLBS</subfield><subfield code="b">Language of cataloging varies</subfield><subfield code="e">rda based</subfield></datafield><datafield tag="245" ind1="0" ind2="4"><subfield code="a">Die stadt Löven</subfield></datafield><datafield tag="260" ind1=" " ind2=" "><subfield code="c">1541-1700</subfield></datafield><datafield tag="300" ind1=" " ind2=" "><subfield code="c">voorstelling:83 x 110 mm</subfield><subfield code="c">voorstelling met opschrift: 92 x 110 mm.</subfield></datafield><datafield tag="336" ind1=" " ind2=" "><subfield code="a">still image</subfield><subfield code="2">rdacontent</subfield></datafield><datafield tag="337" ind1=" " ind2=" "><subfield code="a">unmediated</subfield><subfield code="2">rdamedia</subfield></datafield><datafield tag="338" ind1=" " ind2=" "><subfield code="a">card</subfield><subfield code="2">rdacarrier</subfield></datafield><datafield tag="340" ind1=" " ind2=" "><subfield code="a">Graphic</subfield></datafield><datafield tag="340" ind1=" " ind2=" "><subfield code="o">Black-and-white ;</subfield></datafield><datafield tag="545" ind1=" " ind2=" "><subfield code="a">Panoramisch zicht op de stad Leuven met stadsmuur en omringd door landschap. Voorstelling omgeven door een kader van ornamentiek.</subfield></datafield><datafield tag="500" ind1=" " ind2=" "><subfield code="a">Boven de prent, centraal staat een gedrukte tekst: Abraham Saurs. Boven de prent, links, staat het nummer 84 gedrukt. Onder de prent staat een gedrukt tekst die de rest van het blad vult: Loeven/Lovanium, ein sehr alte Brabantische Stadt/welche vor Julii Caesaris Zeiten... Ook tekst op achterkant met bovenaan: Stätte-Buch</subfield></datafield><datafield tag="580" ind1=" " ind2=" "><subfield code="a">illustratie uit: Abraham Saur, Stätte-Buch..., Frankfurt, 1658</subfield></datafield><datafield tag="542" ind1=" " ind2=" "><subfield code="l">public domain</subfield><subfield code="n">available as open data</subfield><subfield code="u">gebruiksvoorwaarden</subfield></datafield><datafield tag="653" ind1=" " ind2="6"><subfield code="a">Topographical pictures</subfield></datafield><datafield tag="650" ind1=" " ind2="7"><subfield code="2">KUL</subfield><subfield code="a">VoL Pano</subfield><subfield code="x">Leuven, panorama</subfield></datafield><datafield tag="830" ind1="1" ind2="0"><subfield code="a">Leuven. Panorama's.</subfield></datafield><datafield tag="856" ind1="4" ind2=" "><subfield code="u">http://resolver.libis.be/IE979091/representation</subfield><subfield code="y">KU Leuven Libraries BIBC BRES TA00050</subfield></datafield><datafield tag="900" ind1=" " ind2=" "><subfield code="a">NO DEDUP</subfield></datafield><datafield tag="950" ind1=" " ind2=" "><subfield code="b">woodcut(s)</subfield></datafield><datafield tag="957" ind1=" " ind2=" "><subfield code="a">Die Stadt Löven</subfield><subfield code="b">boven de voorstelling: bovenaan, centraal</subfield></datafield><datafield tag="981" ind1=" " ind2=" "><subfield code="a">Digital title KU Leuven Libraries</subfield></datafield></record>