<record><leader>01511nkm a2200325 a 4500</leader><controlfield tag="001">9980113240101488</controlfield><controlfield tag="005">20200503114732.0</controlfield><controlfield tag="008">110204q17uu    xx nnn            ||ger d</controlfield><datafield tag="035" ind1=" " ind2=" "><subfield code="a">(BeLVLBS)008011324LBS01-Aleph</subfield></datafield><datafield tag="040" ind1=" " ind2=" "><subfield code="a">BeLVLBS</subfield><subfield code="b">Language of cataloging varies</subfield><subfield code="e">rda based</subfield></datafield><datafield tag="245" ind1="0" ind2="0"><subfield code="a">Löwen</subfield></datafield><datafield tag="260" ind1=" " ind2=" "><subfield code="c">1726</subfield><subfield code="3">onzekere datum</subfield></datafield><datafield tag="300" ind1=" " ind2=" "><subfield code="c">voorstelling: 128 x 160 mm.</subfield></datafield><datafield tag="336" ind1=" " ind2=" "><subfield code="a">still image</subfield><subfield code="2">rdacontent</subfield></datafield><datafield tag="337" ind1=" " ind2=" "><subfield code="a">unmediated</subfield><subfield code="2">rdamedia</subfield></datafield><datafield tag="338" ind1=" " ind2=" "><subfield code="a">card</subfield><subfield code="2">rdacarrier</subfield></datafield><datafield tag="340" ind1=" " ind2=" "><subfield code="a">Graphic</subfield></datafield><datafield tag="340" ind1=" " ind2=" "><subfield code="o">Black-and-white ;</subfield></datafield><datafield tag="545" ind1=" " ind2=" "><subfield code="a">Panorama van Leuven met hoog uittorende kerkgebouwen. Op de voorgrond bevinden zich twee allegorische figuren: links Janus met in de rechterhand een staf en in de linker een sleutel, rechts Plutus met in de rechterhand een hoorn des overvloeds. Aan de voeten van Janus bevindt zich een tempeltje, aan de voeten van Plutus zakken met geld.</subfield></datafield><datafield tag="500" ind1=" " ind2=" "><subfield code="a">Waarschijnlijk afkomstig uit: D. Fassmann, Der auf Ordre und Kosten seiner Kaysers, reisende Chineser..., Leipzig, 1724.</subfield></datafield><datafield tag="542" ind1=" " ind2=" "><subfield code="l">public domain</subfield><subfield code="n">available as open data</subfield><subfield code="u">gebruiksvoorwaarden</subfield></datafield><datafield tag="653" ind1=" " ind2="6"><subfield code="a">Topographical pictures</subfield></datafield><datafield tag="650" ind1=" " ind2="7"><subfield code="2">KUL</subfield><subfield code="a">VoL Pano</subfield><subfield code="x">Leuven, panorama</subfield></datafield><datafield tag="830" ind1="1" ind2="0"><subfield code="a">Leuven. Panorama's.</subfield></datafield><datafield tag="856" ind1="4" ind2=" "><subfield code="u">http://resolver.libis.be/IE979105/representation</subfield><subfield code="y">KU Leuven Libraries BIBC BRES TA00052</subfield></datafield><datafield tag="900" ind1=" " ind2=" "><subfield code="a">NO DEDUP</subfield></datafield><datafield tag="950" ind1=" " ind2=" "><subfield code="b">etching(s)</subfield></datafield><datafield tag="957" ind1=" " ind2=" "><subfield code="a">LÖWEN</subfield><subfield code="b">in de voorstelling: bovenaan, centraal, in banderol</subfield></datafield><datafield tag="957" ind1=" " ind2=" "><subfield code="a">Ianus</subfield><subfield code="b">in de voorstelling: midden, links</subfield></datafield><datafield tag="957" ind1=" " ind2=" "><subfield code="a">Plutus</subfield><subfield code="b">in de voorstelling: midden, rechts</subfield></datafield><datafield tag="981" ind1=" " ind2=" "><subfield code="a">Digital title KU Leuven Libraries</subfield></datafield></record>