<record><leader>01355dkm a2200313 a 4500</leader><controlfield tag="001">9980113270101488</controlfield><controlfield tag="005">20200503114647.0</controlfield><controlfield tag="008">110204q17uu    xx nnn            ||ger d</controlfield><datafield tag="035" ind1=" " ind2=" "><subfield code="a">(BeLVLBS)008011327LBS01-Aleph</subfield></datafield><datafield tag="040" ind1=" " ind2=" "><subfield code="a">BeLVLBS</subfield><subfield code="b">Language of cataloging varies</subfield><subfield code="e">rda based</subfield></datafield><datafield tag="245" ind1="0" ind2="0"><subfield code="a">Panorama van Leuven</subfield></datafield><datafield tag="260" ind1=" " ind2=" "><subfield code="c">1701-1800</subfield></datafield><datafield tag="300" ind1=" " ind2=" "><subfield code="c">voorstelling: 134 x 270 mm</subfield><subfield code="c">voorstelling met opschrift:155 x 270 mm.</subfield></datafield><datafield tag="336" ind1=" " ind2=" "><subfield code="a">still image</subfield><subfield code="2">rdacontent</subfield></datafield><datafield tag="337" ind1=" " ind2=" "><subfield code="a">unmediated</subfield><subfield code="2">rdamedia</subfield></datafield><datafield tag="338" ind1=" " ind2=" "><subfield code="a">card</subfield><subfield code="2">rdacarrier</subfield></datafield><datafield tag="340" ind1=" " ind2=" "><subfield code="a">Graphic</subfield></datafield><datafield tag="340" ind1=" " ind2=" "><subfield code="o">Multi coloured ;</subfield></datafield><datafield tag="545" ind1=" " ind2=" "><subfield code="a">Panorama van Leuven met op de voorgrond talrijke figuurtjes in een landschap. Vooraan, links een boom.</subfield></datafield><datafield tag="500" ind1=" " ind2=" "><subfield code="a">titel gecreëerd door catalograaf</subfield></datafield><datafield tag="542" ind1=" " ind2=" "><subfield code="l">public domain</subfield><subfield code="n">available as open data</subfield><subfield code="u">gebruiksvoorwaarden</subfield></datafield><datafield tag="650" ind1=" " ind2="7"><subfield code="2">KUL</subfield><subfield code="a">VoL Pano</subfield><subfield code="x">Leuven, panorama</subfield></datafield><datafield tag="653" ind1=" " ind2="6"><subfield code="a">Topographical pictures</subfield></datafield><datafield tag="830" ind1="1" ind2="0"><subfield code="a">Leuven. Panorama's.</subfield></datafield><datafield tag="856" ind1="4" ind2=" "><subfield code="u">http://resolver.libis.be/IE979112/representation</subfield><subfield code="y">KU Leuven Libraries BIBC BRES TA00053</subfield></datafield><datafield tag="900" ind1=" " ind2=" "><subfield code="a">NO DEDUP</subfield></datafield><datafield tag="950" ind1=" " ind2=" "><subfield code="b">etching(s)</subfield><subfield code="c">manueel ingekleurd met waterverf</subfield></datafield><datafield tag="957" ind1=" " ind2=" "><subfield code="a">namen van enkele gebouwen van Leuven</subfield><subfield code="b">in de voorstelling: midden, verspreid</subfield></datafield><datafield tag="957" ind1=" " ind2=" "><subfield code="a">tekst over Leuven: LÖVEN ist die erste Haupt=Stadt in Brabant,[...]. Die dasige beruhmte Univerlität oder hohe Schule wurde im Iahre 1420. gestiftet.</subfield><subfield code="b">onder de voorstelling</subfield></datafield><datafield tag="981" ind1=" " ind2=" "><subfield code="a">Digital title KU Leuven Libraries</subfield></datafield></record>