<record><leader>01193nkm a2200313 a 4500</leader><controlfield tag="001">9980113470101488</controlfield><controlfield tag="005">20200503114702.0</controlfield><controlfield tag="008">110204q1800    xx nnn            ||fre d</controlfield><datafield tag="035" ind1=" " ind2=" "><subfield code="a">(BeLVLBS)008011347LBS01-Aleph</subfield></datafield><datafield tag="040" ind1=" " ind2=" "><subfield code="a">BeLVLBS</subfield><subfield code="b">Language of cataloging varies</subfield><subfield code="e">rda based</subfield></datafield><datafield tag="245" ind1="0" ind2="0"><subfield code="a">Louvain</subfield></datafield><datafield tag="260" ind1=" " ind2=" "><subfield code="c">1800</subfield><subfield code="3">onzekere datum</subfield></datafield><datafield tag="300" ind1=" " ind2=" "><subfield code="c">voorstelling: 87 x 146 mm.</subfield></datafield><datafield tag="336" ind1=" " ind2=" "><subfield code="a">still image</subfield><subfield code="2">rdacontent</subfield></datafield><datafield tag="337" ind1=" " ind2=" "><subfield code="a">unmediated</subfield><subfield code="2">rdamedia</subfield></datafield><datafield tag="338" ind1=" " ind2=" "><subfield code="a">card</subfield><subfield code="2">rdacarrier</subfield></datafield><datafield tag="340" ind1=" " ind2=" "><subfield code="a">Graphic</subfield></datafield><datafield tag="340" ind1=" " ind2=" "><subfield code="o">Black-and-white ;</subfield></datafield><datafield tag="545" ind1=" " ind2=" "><subfield code="a">Panorama van Leuven met op de voorgrond enkele figuurtjes waaronder een ruiter en een herder met schaapjes. Links vooraan een boomstronk</subfield></datafield><datafield tag="581" ind1=" " ind2=" "><subfield code="a">De Universiteit te Leuven 1425-1985, Leuven, 1988</subfield></datafield><datafield tag="542" ind1=" " ind2=" "><subfield code="l">public domain</subfield><subfield code="n">available as open data</subfield><subfield code="u">gebruiksvoorwaarden</subfield></datafield><datafield tag="650" ind1=" " ind2="7"><subfield code="2">KUL</subfield><subfield code="a">VoL Pano</subfield><subfield code="x">Leuven, panorama</subfield></datafield><datafield tag="653" ind1=" " ind2="6"><subfield code="a">Topographical pictures</subfield></datafield><datafield tag="830" ind1="1" ind2="0"><subfield code="a">Leuven. Panorama's.</subfield></datafield><datafield tag="856" ind1="4" ind2=" "><subfield code="u">http://resolver.libis.be/IE979119/representation</subfield><subfield code="y">KU Leuven Libraries BIBC BRES TA00054</subfield></datafield><datafield tag="900" ind1=" " ind2=" "><subfield code="a">NO DEDUP</subfield></datafield><datafield tag="950" ind1=" " ind2=" "><subfield code="b">etching(s)</subfield><subfield code="b">aquatint</subfield></datafield><datafield tag="957" ind1=" " ind2=" "><subfield code="a">Dépt. de la Dyle</subfield><subfield code="b">buiten de voorstelling: bovenaan, links</subfield></datafield><datafield tag="957" ind1=" " ind2=" "><subfield code="a">Louvain</subfield><subfield code="b">buiten de voorstelling: onderaan, centraal</subfield></datafield><datafield tag="981" ind1=" " ind2=" "><subfield code="a">Digital title KU Leuven Libraries</subfield></datafield></record>