<record><leader>01596nkm a2200361 a 4500</leader><controlfield tag="001">9980114670101488</controlfield><controlfield tag="005">20200503114651.0</controlfield><controlfield tag="008">110204q18uu    xx nnn            ||fre d</controlfield><datafield tag="035" ind1=" " ind2=" "><subfield code="a">(BeLVLBS)008011467LBS01-Aleph</subfield></datafield><datafield tag="040" ind1=" " ind2=" "><subfield code="a">BeLVLBS</subfield><subfield code="b">Language of cataloging varies</subfield><subfield code="e">rda based</subfield></datafield><datafield tag="245" ind1="0" ind2="0"><subfield code="a">Vue générale de la ville de Louvain</subfield></datafield><datafield tag="260" ind1=" " ind2=" "><subfield code="c">1820-1870</subfield></datafield><datafield tag="260" ind1=" " ind2=" "><subfield code="e">Louvain</subfield><subfield code="f">Barella, P.</subfield><subfield code="3">Md d'Estampes</subfield></datafield><datafield tag="300" ind1=" " ind2=" "><subfield code="c">voorstelling: 141 x 201 mm</subfield><subfield code="c">voorstelling met opschrift: 180 x 217 mm.</subfield></datafield><datafield tag="336" ind1=" " ind2=" "><subfield code="a">still image</subfield><subfield code="2">rdacontent</subfield></datafield><datafield tag="337" ind1=" " ind2=" "><subfield code="a">unmediated</subfield><subfield code="2">rdamedia</subfield></datafield><datafield tag="338" ind1=" " ind2=" "><subfield code="a">card</subfield><subfield code="2">rdacarrier</subfield></datafield><datafield tag="340" ind1=" " ind2=" "><subfield code="a">Graphic</subfield></datafield><datafield tag="340" ind1=" " ind2=" "><subfield code="o">Black-and-white ;</subfield></datafield><datafield tag="545" ind1=" " ind2=" "><subfield code="a">Panorama van Leuven. Vooraan rechts een wandelaar met hond, zittend op een boomstronk. Vooraan links een boom en zes schapen.</subfield></datafield><datafield tag="542" ind1=" " ind2=" "><subfield code="l">public domain</subfield><subfield code="n">available as open data</subfield><subfield code="u">gebruiksvoorwaarden</subfield></datafield><datafield tag="650" ind1=" " ind2="7"><subfield code="2">KUL</subfield><subfield code="a">VoL Pano</subfield><subfield code="x">Leuven, panorama</subfield></datafield><datafield tag="653" ind1=" " ind2="6"><subfield code="a">Topographical pictures</subfield></datafield><datafield tag="700" ind1="1" ind2=" "><subfield code="a">Simoneau</subfield><subfield code="d">1810-1870</subfield><subfield code="g">Belgian artist</subfield><subfield code="4">art</subfield><subfield code="3">designer, lithographer</subfield></datafield><datafield tag="830" ind1="1" ind2="0"><subfield code="a">Leuven. Panorama's.</subfield></datafield><datafield tag="856" ind1="4" ind2=" "><subfield code="u">http://resolver.libis.be/IE979133/representation</subfield><subfield code="y">KU Leuven Libraries BIBC BRES TA00056</subfield></datafield><datafield tag="900" ind1=" " ind2=" "><subfield code="a">NO DEDUP</subfield></datafield><datafield tag="950" ind1=" " ind2=" "><subfield code="b">lithograph(s)</subfield></datafield><datafield tag="957" ind1=" " ind2=" "><subfield code="a">Ge. Simonau. del.</subfield><subfield code="b">buiten de voorstelling: onderaan, links</subfield></datafield><datafield tag="957" ind1=" " ind2=" "><subfield code="a">Déposé</subfield><subfield code="b">buiten de voorstelling: onderaan, centraal</subfield></datafield><datafield tag="957" ind1=" " ind2=" "><subfield code="a">Lith: de Simonau, Bruxelles</subfield><subfield code="b">buiten de voorstelling: onderaan, rechts</subfield></datafield><datafield tag="957" ind1=" " ind2=" "><subfield code="a">VUE GÉNÉRALE DE LA VILLE DE LOUVAIN</subfield><subfield code="b">buiten de voorstelling: onderaan, centraal</subfield></datafield><datafield tag="957" ind1=" " ind2=" "><subfield code="a">Louvain chez P Barella Md. d'Estampes</subfield><subfield code="b">buiten de voorstelling: onderaan, links</subfield></datafield><datafield tag="981" ind1=" " ind2=" "><subfield code="a">Digital title KU Leuven Libraries</subfield></datafield></record>