<record><leader>02179nkm a2200457 a 4500</leader><controlfield tag="001">9980126590101488</controlfield><controlfield tag="005">20200503114740.0</controlfield><controlfield tag="008">110204s1913    xx nnn            ||fre d</controlfield><datafield tag="035" ind1=" " ind2=" "><subfield code="a">(BeLVLBS)008012659LBS01-Aleph</subfield></datafield><datafield tag="040" ind1=" " ind2=" "><subfield code="a">BeLVLBS</subfield><subfield code="b">Language of cataloging varies</subfield><subfield code="e">rda based</subfield></datafield><datafield tag="245" ind1="0" ind2="0"><subfield code="a">Vieux Marché à Louvain</subfield><subfield code="b">réduction d'après une eau-forte de F. Dricot</subfield></datafield><datafield tag="260" ind1=" " ind2=" "><subfield code="c">1913</subfield></datafield><datafield tag="260" ind1=" " ind2=" "><subfield code="e">Bruxelles</subfield><subfield code="f">F. Dricot &amp; Cie</subfield></datafield><datafield tag="260" ind1=" " ind2=" "><subfield code="c">1913</subfield></datafield><datafield tag="300" ind1=" " ind2=" "><subfield code="c">voorstelling: 165 x 226 mm.</subfield></datafield><datafield tag="336" ind1=" " ind2=" "><subfield code="a">still image</subfield><subfield code="2">rdacontent</subfield></datafield><datafield tag="337" ind1=" " ind2=" "><subfield code="a">unmediated</subfield><subfield code="2">rdamedia</subfield></datafield><datafield tag="338" ind1=" " ind2=" "><subfield code="a">card</subfield><subfield code="2">rdacarrier</subfield></datafield><datafield tag="340" ind1=" " ind2=" "><subfield code="a">Graphic</subfield></datafield><datafield tag="340" ind1=" " ind2=" "><subfield code="o">Black-and-white ;</subfield></datafield><datafield tag="545" ind1=" " ind2=" "><subfield code="a">Zicht op de Grote Markt van uit omgeving Heilige Drievuldigheidscollege. Links, rechts en achteraan winkels en huizen. Sint-Pieterskerk op de achtergrond. Centraal markttafereel.</subfield></datafield><datafield tag="500" ind1=" " ind2=" "><subfield code="a">In collectie oude prentkaarten een sterk gelijkend zicht, identieke sfeerschepping</subfield></datafield><datafield tag="580" ind1=" " ind2=" "><subfield code="a">illustratie uit: Le Musée du Livre, 1913, p.27-28.</subfield></datafield><datafield tag="542" ind1=" " ind2=" "><subfield code="l">public domain</subfield><subfield code="n">available as open data</subfield><subfield code="u">gebruiksvoorwaarden</subfield></datafield><datafield tag="650" ind1=" " ind2="7"><subfield code="2">KUL</subfield><subfield code="a">VoL Gebtype</subfield><subfield code="x">woningen (huis)</subfield></datafield><datafield tag="650" ind1=" " ind2="7"><subfield code="2">KUL</subfield><subfield code="a">VoL Straat</subfield><subfield code="x">Leuven, Oude Markt</subfield></datafield><datafield tag="650" ind1=" " ind2="7"><subfield code="2">KUL</subfield><subfield code="a">VoL Gebtype</subfield><subfield code="x">pleinen</subfield></datafield><datafield tag="653" ind1=" " ind2="6"><subfield code="a">Topographical pictures</subfield></datafield><datafield tag="700" ind1="1" ind2=" "><subfield code="a">Dricot, F.</subfield><subfield code="4">art</subfield><subfield code="3">designer</subfield></datafield><datafield tag="700" ind1="1" ind2=" "><subfield code="a">Goossens, J.E.</subfield><subfield code="4">art</subfield><subfield code="3">printer</subfield></datafield><datafield tag="830" ind1="1" ind2="0"><subfield code="a">Leuven. Pleinen.</subfield></datafield><datafield tag="830" ind1="1" ind2="0"><subfield code="a">Leuven. Burgerlijke gebouwen</subfield></datafield><datafield tag="856" ind1="4" ind2=" "><subfield code="u">http://resolver.libis.be/IE979294/representation</subfield><subfield code="y">KU Leuven Libraries BIBC BRES TA00220</subfield></datafield><datafield tag="900" ind1=" " ind2=" "><subfield code="a">NO DEDUP</subfield></datafield><datafield tag="950" ind1=" " ind2=" "><subfield code="b">photogravure</subfield><subfield code="c">naar een ets</subfield></datafield><datafield tag="957" ind1=" " ind2=" "><subfield code="a">F. DRICOT 1913</subfield><subfield code="b">in de voorstelling: onderaan, rechts</subfield></datafield><datafield tag="957" ind1=" " ind2=" "><subfield code="a">Planche 299</subfield><subfield code="b">buiten de voorstelling: bovenaan, links</subfield></datafield><datafield tag="957" ind1=" " ind2=" "><subfield code="a">LE MUSÉE DU LIVRE/ Pascicules XXVII-XXVII. 1913. [77.72]</subfield><subfield code="b">buiten de voorstelling: bovenaan, rechts</subfield></datafield><datafield tag="957" ind1=" " ind2=" "><subfield code="a">"Vieux Marché à Louvain" / Réduction d'après une eau-forte de F. DRICOT/ PHOTOTYPOGRAVURE</subfield><subfield code="b">buiten de voorstelling: midden, centraal</subfield></datafield><datafield tag="957" ind1=" " ind2=" "><subfield code="a">Imprimerie J.=E. Goossens, s.a./Bruxelles.</subfield><subfield code="b">buiten de voorstelling: onderaan, links</subfield></datafield><datafield tag="957" ind1=" " ind2=" "><subfield code="a">F. DRICOT &amp; Cie / Photograveurs / Rue de Menin, 20 / Bruxelles (Ouest)</subfield><subfield code="b">buiten de voorstelling: onderaan, rechts</subfield></datafield><datafield tag="981" ind1=" " ind2=" "><subfield code="a">Digital title KU Leuven Libraries</subfield></datafield></record>