<record><leader>02162nkm a2200445 a 4500</leader><controlfield tag="001">9980131850101488</controlfield><controlfield tag="005">20200503114654.0</controlfield><controlfield tag="008">110204s1889    xx nnn            ||fre d</controlfield><datafield tag="035" ind1=" " ind2=" "><subfield code="a">(BeLVLBS)008013185LBS01-Aleph</subfield></datafield><datafield tag="040" ind1=" " ind2=" "><subfield code="a">BeLVLBS</subfield><subfield code="b">Language of cataloging varies</subfield><subfield code="e">rda based</subfield></datafield><datafield tag="245" ind1="0" ind2="0"><subfield code="a">Janseniustoren en zgn. Lipsiustoren en de waterpoort</subfield></datafield><datafield tag="260" ind1=" " ind2=" "><subfield code="c">1870-1914</subfield></datafield><datafield tag="260" ind1=" " ind2=" "><subfield code="c">1889</subfield></datafield><datafield tag="300" ind1=" " ind2=" "><subfield code="c">voorstelling: 237 x 333 mm.</subfield></datafield><datafield tag="336" ind1=" " ind2=" "><subfield code="a">still image</subfield><subfield code="2">rdacontent</subfield></datafield><datafield tag="337" ind1=" " ind2=" "><subfield code="a">unmediated</subfield><subfield code="2">rdamedia</subfield></datafield><datafield tag="338" ind1=" " ind2=" "><subfield code="a">card</subfield><subfield code="2">rdacarrier</subfield></datafield><datafield tag="340" ind1=" " ind2=" "><subfield code="a">Graphic</subfield></datafield><datafield tag="340" ind1=" " ind2=" "><subfield code="o">Black-and-white ;</subfield></datafield><datafield tag="545" ind1=" " ind2=" "><subfield code="a">Gezicht op twee torens en de waterpoort waaronder de Dijle stroomt. Rechts een deel van de verdedigingsmuur. Links een sluis. Geheel links onderaan een plattegrond van de tekening.</subfield></datafield><datafield tag="500" ind1=" " ind2=" "><subfield code="a">titel gecreëerd door catalograaf</subfield></datafield><datafield tag="581" ind1=" " ind2=" "><subfield code="a">Combaz, Paul; Behault de Dornon, Armand, Les premiers remparts de Louvain. Annales de la Société d'archéologie de Bruxelles, 5, 1891, p.337-369.</subfield></datafield><datafield tag="581" ind1=" " ind2=" "><subfield code="a">Coppens, Kris, Een kijk op bouwen: Architectuur in de collectie van de Leuvense universiteitsbibliotheek, 1987, p. 55-56, nr.60.</subfield></datafield><datafield tag="542" ind1=" " ind2=" "><subfield code="l">public domain</subfield><subfield code="n">available as open data</subfield><subfield code="u">gebruiksvoorwaarden</subfield></datafield><datafield tag="653" ind1=" " ind2="6"><subfield code="a">Topographical pictures</subfield></datafield><datafield tag="650" ind1=" " ind2="7"><subfield code="2">KUL</subfield><subfield code="a">VoL Gebtype</subfield><subfield code="x">verdedigingsmuren</subfield></datafield><datafield tag="650" ind1=" " ind2="7"><subfield code="2">KUL</subfield><subfield code="a">VoL Gebtype</subfield><subfield code="x">torens</subfield></datafield><datafield tag="650" ind1=" " ind2="7"><subfield code="2">KUL</subfield><subfield code="a">VoL Gebtype</subfield><subfield code="x">rivieren</subfield></datafield><datafield tag="700" ind1="1" ind2=" "><subfield code="a">Combaz, Paul</subfield><subfield code="d">1869-1914</subfield><subfield code="g">Belgian expert in fortress building</subfield><subfield code="4">art</subfield><subfield code="3">draftsman</subfield></datafield><datafield tag="830" ind1="1" ind2="0"><subfield code="a">Leuven. Burgerlijke gebouwen</subfield></datafield><datafield tag="830" ind1="1" ind2="0"><subfield code="a">Leuven. Waterwegen</subfield></datafield><datafield tag="856" ind1="4" ind2=" "><subfield code="u">http://resolver.libis.be/IE979343/representation</subfield><subfield code="y">KU Leuven Libraries BIBC BRES TA00229</subfield></datafield><datafield tag="900" ind1=" " ind2=" "><subfield code="a">NO DEDUP</subfield></datafield><datafield tag="950" ind1=" " ind2=" "><subfield code="b">drawing</subfield></datafield><datafield tag="957" ind1=" " ind2=" "><subfield code="a">letters A t.e.m. F</subfield><subfield code="b">in de voorstelling: verspreid</subfield></datafield><datafield tag="957" ind1=" " ind2=" "><subfield code="a">Dyle. R:</subfield><subfield code="b">in de voorstelling: onderaan, links</subfield></datafield><datafield tag="957" ind1=" " ind2=" "><subfield code="a">Enceinte de Louvain. Traversée de la Dyle en amont. Restitution de l'etat ancien.</subfield><subfield code="b">in de voorstelling: bovenaan, links</subfield></datafield><datafield tag="957" ind1=" " ind2=" "><subfield code="a">legende</subfield><subfield code="b">in de voorstelling: midden, links</subfield></datafield><datafield tag="957" ind1=" " ind2=" "><subfield code="a">Plattegrond met letters A t.e.m. B en Dyle R</subfield><subfield code="b">in de voorstelling: onderaan, links</subfield></datafield><datafield tag="957" ind1=" " ind2=" "><subfield code="a">Louvain 27 mai 1889 / P. Combaz</subfield><subfield code="b">in de voorstelling: onderaan, rechts</subfield></datafield><datafield tag="981" ind1=" " ind2=" "><subfield code="a">Digital title KU Leuven Libraries</subfield></datafield></record>