<record><leader>02335nkm a2200445 a 4500</leader><controlfield tag="001">9980136030101488</controlfield><controlfield tag="005">20200503114659.0</controlfield><controlfield tag="008">110204q18uu    xx nnn            ||fre d</controlfield><datafield tag="035" ind1=" " ind2=" "><subfield code="a">(BeLVLBS)008013603LBS01-Aleph</subfield></datafield><datafield tag="040" ind1=" " ind2=" "><subfield code="a">BeLVLBS</subfield><subfield code="b">Language of cataloging varies</subfield><subfield code="e">rda based</subfield></datafield><datafield tag="245" ind1="0" ind2="0"><subfield code="a">Serres du Jardin botanique de l'Université de Louvain</subfield></datafield><datafield tag="260" ind1=" " ind2=" "><subfield code="c">1801-1850</subfield></datafield><datafield tag="300" ind1=" " ind2=" "><subfield code="c">voorstelling: 136 x 199 mm</subfield><subfield code="c">voorstelling met opschrift: 155 x 199 mm.</subfield></datafield><datafield tag="336" ind1=" " ind2=" "><subfield code="a">still image</subfield><subfield code="2">rdacontent</subfield></datafield><datafield tag="337" ind1=" " ind2=" "><subfield code="a">unmediated</subfield><subfield code="2">rdamedia</subfield></datafield><datafield tag="338" ind1=" " ind2=" "><subfield code="a">card</subfield><subfield code="2">rdacarrier</subfield></datafield><datafield tag="340" ind1=" " ind2=" "><subfield code="a">Graphic</subfield></datafield><datafield tag="340" ind1=" " ind2=" "><subfield code="o">Black-and-white ;</subfield></datafield><datafield tag="545" ind1=" " ind2=" "><subfield code="a">Gezicht van de kruidtuin met centraal de serres en op de voorgrond de tuin. Links praten twee mannen, centraal rijdt een man met een kruiwagen en links zitten twee dames op een bank waarvoor een man en een kindje staan. Achteraan, rechts het toegangsgebouw.</subfield></datafield><datafield tag="500" ind1=" " ind2=" "><subfield code="a">erg grote gelijkenis met TA00240</subfield></datafield><datafield tag="581" ind1=" " ind2=" "><subfield code="a">Hissette, Louis, Vues et plans de villes, châteaux, monastères et monuments..., Bruxelles, 1917, p. 222, nr. 66.</subfield></datafield><datafield tag="581" ind1=" " ind2=" "><subfield code="a">De Universiteit te Leuven 1425-1985, Univ. Pers Leuven, 1988, p. 173.</subfield></datafield><datafield tag="581" ind1=" " ind2=" "><subfield code="a">Leuven University 1425-1985, Univ. Press Leuven, 1990, p. 173.</subfield></datafield><datafield tag="581" ind1=" " ind2=" "><subfield code="a">De Universiteit te Leuven 1425-1985, Univ. Pers Leuven, 1986, p. 157.</subfield></datafield><datafield tag="580" ind1=" " ind2=" "><subfield code="a">illustratie uit: De Cloet, Jean Joseph, Chateaux et monumens de Pays-Bas, Bruxelles, 1830.</subfield></datafield><datafield tag="542" ind1=" " ind2=" "><subfield code="l">public domain</subfield><subfield code="n">available as open data</subfield><subfield code="u">gebruiksvoorwaarden</subfield></datafield><datafield tag="653" ind1=" " ind2="6"><subfield code="a">Topographical pictures</subfield></datafield><datafield tag="650" ind1=" " ind2="7"><subfield code="2">KUL</subfield><subfield code="a">VoL Gebouw</subfield><subfield code="x">Leuven, Kruidtuin</subfield></datafield><datafield tag="650" ind1=" " ind2="7"><subfield code="2">KUL</subfield><subfield code="a">VoL Gebtype</subfield><subfield code="x">kruidtuinen</subfield></datafield><datafield tag="700" ind1="1" ind2=" "><subfield code="a">De Marbaix</subfield><subfield code="4">art</subfield><subfield code="3">designer</subfield></datafield><datafield tag="700" ind1="1" ind2=" "><subfield code="a">Jobard, Ambroise</subfield><subfield code="g">Belgian printer, lithographer, active ca. 1810-1840</subfield><subfield code="4">art</subfield><subfield code="3">printer</subfield></datafield><datafield tag="775" ind1="1" ind2="8"><subfield code="w">(BeLVLBS)001972769LBS01-Aleph</subfield><subfield code="t">Chateaux et monumens des Pays-Bas /</subfield><subfield code="4">776</subfield></datafield><datafield tag="830" ind1="1" ind2="0"><subfield code="a">Leuven. Parken, bossen en tuinen.</subfield></datafield><datafield tag="856" ind1="4" ind2=" "><subfield code="u">http://resolver.libis.be/IE979413/representation</subfield><subfield code="y">KU Leuven Libraries BIBC BRES TA00241</subfield></datafield><datafield tag="900" ind1=" " ind2=" "><subfield code="a">NO DEDUP</subfield></datafield><datafield tag="950" ind1=" " ind2=" "><subfield code="b">lithograph(s)</subfield></datafield><datafield tag="957" ind1=" " ind2=" "><subfield code="a">Serres du Jardin botanique de l'Univ.e de Louvain.</subfield><subfield code="b">buiten de voorstelling: onderaan, centraal</subfield></datafield><datafield tag="957" ind1=" " ind2=" "><subfield code="a">Lemaître</subfield><subfield code="b">buiten de voorstelling: onderaan, centraal</subfield></datafield><datafield tag="957" ind1=" " ind2=" "><subfield code="a">De Marbaix del.</subfield><subfield code="b">buiten de voorstelling: onderaan, links</subfield></datafield><datafield tag="957" ind1=" " ind2=" "><subfield code="a">Lith.de Jobard</subfield><subfield code="b">buiten de voorstelling: onderaan, rechts</subfield></datafield><datafield tag="981" ind1=" " ind2=" "><subfield code="a">Digital title KU Leuven Libraries</subfield></datafield></record>