<record><leader>01645nkm a2200361 a 4500</leader><controlfield tag="001">9980138700101488</controlfield><controlfield tag="005">20200503114728.0</controlfield><controlfield tag="008">110204q18uu    xx nnn            ||fre d</controlfield><datafield tag="035" ind1=" " ind2=" "><subfield code="a">(BeLVLBS)008013870LBS01-Aleph</subfield></datafield><datafield tag="040" ind1=" " ind2=" "><subfield code="a">BeLVLBS</subfield><subfield code="b">Language of cataloging varies</subfield><subfield code="e">rda based</subfield></datafield><datafield tag="245" ind1="0" ind2="0"><subfield code="a">Rue de la Station. Café des Brasseurs</subfield></datafield><datafield tag="260" ind1=" " ind2=" "><subfield code="c">1870-1930</subfield></datafield><datafield tag="300" ind1=" " ind2=" "><subfield code="c">voorstelling: 167 x 139 mm</subfield><subfield code="c">voorstelling met opschrift: 172 x 139 mm.</subfield></datafield><datafield tag="336" ind1=" " ind2=" "><subfield code="a">still image</subfield><subfield code="2">rdacontent</subfield></datafield><datafield tag="337" ind1=" " ind2=" "><subfield code="a">unmediated</subfield><subfield code="2">rdamedia</subfield></datafield><datafield tag="338" ind1=" " ind2=" "><subfield code="a">card</subfield><subfield code="2">rdacarrier</subfield></datafield><datafield tag="340" ind1=" " ind2=" "><subfield code="a">Graphic</subfield></datafield><datafield tag="340" ind1=" " ind2=" "><subfield code="o">Black-and-white ;</subfield></datafield><datafield tag="545" ind1=" " ind2=" "><subfield code="a">Rechts gezicht op café Het Brouwershuis. Centraal een doorzicht naar het Stadhuis en de Sint-Pieterskerk. Links gezicht op het Tafelrond. Links onderaan een fietser. Centraal een man met paard en kar. Allemaal gezien van uit de omgeving van de Statiestraat (huidige Bondgenotenlaan).</subfield></datafield><datafield tag="580" ind1=" " ind2=" "><subfield code="a">illustratie uit: Le Patriote Illustré</subfield></datafield><datafield tag="542" ind1=" " ind2=" "><subfield code="l">public domain</subfield><subfield code="n">available as open data</subfield><subfield code="u">gebruiksvoorwaarden</subfield></datafield><datafield tag="653" ind1=" " ind2="6"><subfield code="a">Topographical pictures</subfield></datafield><datafield tag="650" ind1=" " ind2="7"><subfield code="2">KUL</subfield><subfield code="a">VoL Gebtype</subfield><subfield code="x">cafés</subfield></datafield><datafield tag="650" ind1=" " ind2="7"><subfield code="2">KUL</subfield><subfield code="a">VoL Straat</subfield><subfield code="x">Leuven, Bondgenotenlaan (voorheen : Statiestraat)</subfield></datafield><datafield tag="650" ind1=" " ind2="7"><subfield code="2">KUL</subfield><subfield code="a">VoL Gebouw</subfield><subfield code="x">Leuven, Tafelrond (Maison des Étudiants)</subfield></datafield><datafield tag="700" ind1="1" ind2=" "><subfield code="a">Gailliard, Francois</subfield><subfield code="d">1861-1932</subfield><subfield code="g">Belgian painter</subfield><subfield code="4">art</subfield><subfield code="3">designer</subfield></datafield><datafield tag="830" ind1="1" ind2="0"><subfield code="a">Leuven. Burgerlijke gebouwen.</subfield></datafield><datafield tag="830" ind1="1" ind2="0"><subfield code="a">Leuven. Straten.</subfield></datafield><datafield tag="856" ind1="4" ind2=" "><subfield code="u">http://resolver.libis.be/IE979469/representation</subfield><subfield code="y">KU Leuven Libraries BIBC BRES TA00250b</subfield></datafield><datafield tag="900" ind1=" " ind2=" "><subfield code="a">NO DEDUP</subfield></datafield><datafield tag="950" ind1=" " ind2=" "><subfield code="b">line block</subfield></datafield><datafield tag="957" ind1=" " ind2=" "><subfield code="a">F. GAILLIARD</subfield><subfield code="b">in de voorstelling: onderaan, rechts</subfield></datafield><datafield tag="957" ind1=" " ind2=" "><subfield code="a">RUE DE LA STATION - CAFÉ DES BRASSEURS</subfield></datafield><datafield tag="981" ind1=" " ind2=" "><subfield code="a">Digital title KU Leuven Libraries</subfield></datafield></record>