<record><leader>01771nkm a2200373 a 4500</leader><controlfield tag="001">9980143020101488</controlfield><controlfield tag="005">20200503114713.0</controlfield><controlfield tag="008">110204q18uu    xx nnn            ||fre d</controlfield><datafield tag="035" ind1=" " ind2=" "><subfield code="a">(BeLVLBS)008014302LBS01-Aleph</subfield></datafield><datafield tag="040" ind1=" " ind2=" "><subfield code="a">BeLVLBS</subfield><subfield code="b">Language of cataloging varies</subfield><subfield code="e">rda based</subfield></datafield><datafield tag="245" ind1="0" ind2="0"><subfield code="a">Château d'Eegenhoven</subfield></datafield><datafield tag="260" ind1=" " ind2=" "><subfield code="c">1800-1861</subfield></datafield><datafield tag="260" ind1=" " ind2=" "><subfield code="f">Jobard, Jean Baptiste Ambroise Marcelin</subfield></datafield><datafield tag="300" ind1=" " ind2=" "><subfield code="c">voorstelling: 135 x 200 mm</subfield><subfield code="c">voorstelling met opschrift: 160 x 210 mm.</subfield></datafield><datafield tag="336" ind1=" " ind2=" "><subfield code="a">still image</subfield><subfield code="2">rdacontent</subfield></datafield><datafield tag="337" ind1=" " ind2=" "><subfield code="a">unmediated</subfield><subfield code="2">rdamedia</subfield></datafield><datafield tag="338" ind1=" " ind2=" "><subfield code="a">card</subfield><subfield code="2">rdacarrier</subfield></datafield><datafield tag="340" ind1=" " ind2=" "><subfield code="a">Graphic</subfield></datafield><datafield tag="340" ind1=" " ind2=" "><subfield code="o">Black-and-white ;</subfield></datafield><datafield tag="545" ind1=" " ind2=" "><subfield code="a">Gezicht op het kasteel van Egenhoven in een bosrijke omgeving. Aan de oever van het water bevindt zich een vrouw met een boek.</subfield></datafield><datafield tag="581" ind1=" " ind2=" "><subfield code="a">Louis Hissette, Vues et plans de villes, châteaux, monastères et monuments dans les collections du cabinet des estampes, Brussel, 1917: 173.</subfield></datafield><datafield tag="580" ind1=" " ind2=" "><subfield code="a">illustratie uit: De Cloet, Châteaux et monuments des Pays-Bas, faisant suite au voyage pittoresque, Brussel: J.-B.A. Jobard, 1830.</subfield></datafield><datafield tag="542" ind1=" " ind2=" "><subfield code="l">public domain</subfield><subfield code="n">available as open data</subfield><subfield code="u">gebruiksvoorwaarden</subfield></datafield><datafield tag="650" ind1=" " ind2="7"><subfield code="2">KUL</subfield><subfield code="a">Vol Gebtype</subfield><subfield code="x">kastelen</subfield></datafield><datafield tag="653" ind1=" " ind2="6"><subfield code="a">Topographical pictures</subfield></datafield><datafield tag="700" ind1="1" ind2=" "><subfield code="a">Madou, Jean Baptiste</subfield><subfield code="d">1796-1877</subfield><subfield code="g">Belgian lithographer, painter</subfield><subfield code="4">art</subfield><subfield code="3">lithographer</subfield></datafield><datafield tag="700" ind1="1" ind2=" "><subfield code="a">De Marbaix</subfield><subfield code="4">art</subfield><subfield code="3">designer</subfield></datafield><datafield tag="830" ind1="1" ind2="0"><subfield code="a">Leuven. Burgerlijke gebouwen</subfield></datafield><datafield tag="856" ind1="4" ind2=" "><subfield code="u">http://resolver.libis.be/IE979560/representation</subfield><subfield code="y">KU Leuven Libraries BIBC BRES TA00261</subfield></datafield><datafield tag="900" ind1=" " ind2=" "><subfield code="a">NO DEDUP</subfield></datafield><datafield tag="950" ind1=" " ind2=" "><subfield code="b">lithograph(s)</subfield></datafield><datafield tag="957" ind1=" " ind2=" "><subfield code="a">De Marbaix del.</subfield><subfield code="b">buiten de voorstelling: onderaan, links</subfield></datafield><datafield tag="957" ind1=" " ind2=" "><subfield code="a">Chateau D'Eegenhoven. à Mt. Th. Stas. Madou</subfield><subfield code="b">buiten de voorstelling: onderaan, centraal</subfield></datafield><datafield tag="957" ind1=" " ind2=" "><subfield code="a">Lith de Jobard</subfield><subfield code="b">buiten de voorstelling: onderaan, rechts</subfield></datafield><datafield tag="981" ind1=" " ind2=" "><subfield code="a">Digital title KU Leuven Libraries</subfield></datafield></record>