<record><leader>01326nkm a2200325 a 4500</leader><controlfield tag="001">9980152790101488</controlfield><controlfield tag="005">20200503114920.0</controlfield><controlfield tag="008">110204s1994    xx nnn            ||dut d</controlfield><datafield tag="035" ind1=" " ind2=" "><subfield code="a">(BeLVLBS)008015279LBS01-Aleph</subfield></datafield><datafield tag="040" ind1=" " ind2=" "><subfield code="a">BeLVLBS</subfield><subfield code="b">Language of cataloging varies</subfield><subfield code="e">rda based</subfield></datafield><datafield tag="245" ind1="0" ind2="0"><subfield code="a">Sint-Michielskerk te Leuven</subfield></datafield><datafield tag="260" ind1=" " ind2=" "><subfield code="c">1994</subfield></datafield><datafield tag="300" ind1=" " ind2=" "><subfield code="c">voorstelling: 165 x 130 mm.</subfield></datafield><datafield tag="336" ind1=" " ind2=" "><subfield code="a">still image</subfield><subfield code="2">rdacontent</subfield></datafield><datafield tag="337" ind1=" " ind2=" "><subfield code="a">unmediated</subfield><subfield code="2">rdamedia</subfield></datafield><datafield tag="338" ind1=" " ind2=" "><subfield code="a">card</subfield><subfield code="2">rdacarrier</subfield></datafield><datafield tag="340" ind1=" " ind2=" "><subfield code="a">Graphic</subfield></datafield><datafield tag="340" ind1=" " ind2=" "><subfield code="o">Black-and-white ;</subfield></datafield><datafield tag="545" ind1=" " ind2=" "><subfield code="a">Gezicht op de voorgevel van de Sint-Michielskerk (Naamsestraat). Links het gebouw van de Standaard-boekhandel.</subfield></datafield><datafield tag="542" ind1=" " ind2=" "><subfield code="l">public domain</subfield><subfield code="n">available as open data</subfield><subfield code="u">gebruiksvoorwaarden</subfield></datafield><datafield tag="650" ind1=" " ind2="7"><subfield code="2">KUL</subfield><subfield code="a">VoL Gebtype</subfield><subfield code="x">kerken (kerkgebouwen)</subfield></datafield><datafield tag="650" ind1=" " ind2="7"><subfield code="2">KUL</subfield><subfield code="a">VoL Straat</subfield><subfield code="x">Leuven, Naamsestraat (voorheen : Sint-Michielsstraat/Proefstraat)</subfield></datafield><datafield tag="650" ind1=" " ind2="7"><subfield code="2">KUL</subfield><subfield code="a">Vol Gebouw</subfield><subfield code="x">Leuven, Sint-Michielskerk (Naamsestraat)</subfield></datafield><datafield tag="653" ind1=" " ind2="6"><subfield code="a">Topographical pictures</subfield></datafield><datafield tag="700" ind1="1" ind2=" "><subfield code="a">Wellens, André</subfield><subfield code="g">Belgian engraver</subfield><subfield code="4">art</subfield><subfield code="3">designer, etcher</subfield></datafield><datafield tag="830" ind1="1" ind2="0"><subfield code="a">Leuven. Religieuze gebouwen.</subfield></datafield><datafield tag="856" ind1="4" ind2=" "><subfield code="u">http://resolver.libis.be/IE979735/representation</subfield><subfield code="y">KU Leuven Libraries BIBC BRES TA00286</subfield></datafield><datafield tag="900" ind1=" " ind2=" "><subfield code="a">NO DEDUP</subfield></datafield><datafield tag="950" ind1=" " ind2=" "><subfield code="b">etching(s)</subfield></datafield><datafield tag="957" ind1=" " ind2=" "><subfield code="a">186/300 "Sint-Michielskerk te Leuven. Wellens A</subfield><subfield code="b">onder de voorstelling: centraal (in potlood)</subfield></datafield><datafield tag="981" ind1=" " ind2=" "><subfield code="a">Digital title KU Leuven Libraries</subfield></datafield></record>