<record><leader>01417nkm a2200325 a 4500</leader><controlfield tag="001">9980158220101488</controlfield><controlfield tag="005">20200503114941.0</controlfield><controlfield tag="008">110204s1790    xx nnn            ||dut d</controlfield><datafield tag="035" ind1=" " ind2=" "><subfield code="a">(BeLVLBS)008015822LBS01-Aleph</subfield></datafield><datafield tag="040" ind1=" " ind2=" "><subfield code="a">BeLVLBS</subfield><subfield code="b">Language of cataloging varies</subfield><subfield code="e">rda based</subfield></datafield><datafield tag="245" ind1="0" ind2="0"><subfield code="a">Gezigt van de stad Loven</subfield></datafield><datafield tag="260" ind1=" " ind2=" "><subfield code="c">1790</subfield></datafield><datafield tag="300" ind1=" " ind2=" "><subfield code="c">voorstelling: 63 x 317 mm</subfield><subfield code="c">voorstelling met opschrift: 113 x 317 mm.</subfield></datafield><datafield tag="336" ind1=" " ind2=" "><subfield code="a">still image</subfield><subfield code="2">rdacontent</subfield></datafield><datafield tag="337" ind1=" " ind2=" "><subfield code="a">unmediated</subfield><subfield code="2">rdamedia</subfield></datafield><datafield tag="338" ind1=" " ind2=" "><subfield code="a">card</subfield><subfield code="2">rdacarrier</subfield></datafield><datafield tag="340" ind1=" " ind2=" "><subfield code="a">Graphic</subfield></datafield><datafield tag="340" ind1=" " ind2=" "><subfield code="o">Multi coloured ;</subfield></datafield><datafield tag="545" ind1=" " ind2=" "><subfield code="a">Kleurrijk panoramisch gezicht op Leuven vanaf Terbank. Onderaan een legende geschikt in twee kolommen, die 25 nummers bevat. De nummers keren terug in de voorstelling.</subfield></datafield><datafield tag="580" ind1=" " ind2=" "><subfield code="a">illustratie uit: Nieuwen Lovenschen almanach. Loven, J.B. Vander Haert, 1790</subfield></datafield><datafield tag="542" ind1=" " ind2=" "><subfield code="l">public domain</subfield><subfield code="n">available as open data</subfield><subfield code="u">gebruiksvoorwaarden</subfield></datafield><datafield tag="650" ind1=" " ind2="7"><subfield code="2">KUL</subfield><subfield code="a">VoL Pano</subfield><subfield code="x">Leuven, panorama</subfield></datafield><datafield tag="653" ind1=" " ind2="6"><subfield code="a">Topographical pictures</subfield></datafield><datafield tag="775" ind1="1" ind2="8"><subfield code="w">(BeLVLBS)001763345LBS01-Aleph</subfield><subfield code="t">Nieuwen Lovenschen almanach ...</subfield><subfield code="4">776</subfield></datafield><datafield tag="830" ind1="1" ind2="0"><subfield code="a">Leuven. Panorama's</subfield></datafield><datafield tag="856" ind1="4" ind2=" "><subfield code="u">http://resolver.libis.be/IE979833/representation</subfield><subfield code="y">KU Leuven Libraries BIBC BRES TA00299</subfield></datafield><datafield tag="900" ind1=" " ind2=" "><subfield code="a">NO DEDUP</subfield></datafield><datafield tag="950" ind1=" " ind2=" "><subfield code="b">wood engraving</subfield><subfield code="c">manueel ingekleurd</subfield></datafield><datafield tag="957" ind1=" " ind2=" "><subfield code="a">GEZIGT OP DE STAD LOVEN.</subfield><subfield code="b">in de voorstelling: bovenaan, centraal</subfield></datafield><datafield tag="957" ind1=" " ind2=" "><subfield code="a">legende met 25 nummers</subfield><subfield code="b">buiten de voostelling: onderaan, rechts en links</subfield></datafield><datafield tag="981" ind1=" " ind2=" "><subfield code="a">Digital title KU Leuven Libraries</subfield></datafield></record>