<record><leader>01516nkm a2200325 a 4500</leader><controlfield tag="001">9980161250101488</controlfield><controlfield tag="005">20200503114918.0</controlfield><controlfield tag="008">110204s1659    xx nnn            ||lat d</controlfield><datafield tag="035" ind1=" " ind2=" "><subfield code="a">(BeLVLBS)008016125LBS01-Aleph</subfield></datafield><datafield tag="040" ind1=" " ind2=" "><subfield code="a">BeLVLBS</subfield><subfield code="b">Language of cataloging varies</subfield><subfield code="e">rda based</subfield></datafield><datafield tag="245" ind1="0" ind2="0"><subfield code="a">Castrum Lovaniense</subfield></datafield><datafield tag="260" ind1=" " ind2=" "><subfield code="c">1659</subfield></datafield><datafield tag="300" ind1=" " ind2=" "><subfield code="c">voorstelling: 178 x 232 mm.</subfield></datafield><datafield tag="336" ind1=" " ind2=" "><subfield code="a">still image</subfield><subfield code="2">rdacontent</subfield></datafield><datafield tag="337" ind1=" " ind2=" "><subfield code="a">unmediated</subfield><subfield code="2">rdamedia</subfield></datafield><datafield tag="338" ind1=" " ind2=" "><subfield code="a">card</subfield><subfield code="2">rdacarrier</subfield></datafield><datafield tag="340" ind1=" " ind2=" "><subfield code="a">Graphic</subfield></datafield><datafield tag="340" ind1=" " ind2=" "><subfield code="o">Black-and-white ;</subfield></datafield><datafield tag="545" ind1=" " ind2=" "><subfield code="a">Gezicht op de oude burcht van de Brabantse hertogen op de Keizersberg met rechts de Sint-Jan-de-Doperkerk. Op de achtergrond de buitenwallen en de Mechelse poort. Boven links en rechts gekroonde wapens van het keizerrijk en van Brabant, de leeuw naar links gekeerd. Een groep van twee ruiters en twee voetgangers in de linker benedenhoek.</subfield></datafield><datafield tag="580" ind1=" " ind2=" "><subfield code="a">illustratie uit Sanderus; Chorographia sacra Brabantiae, Bruxellae apud. Philippus Vleugertium Typographum juratum, 1659</subfield></datafield><datafield tag="542" ind1=" " ind2=" "><subfield code="l">public domain</subfield><subfield code="n">available as open data</subfield><subfield code="u">gebruiksvoorwaarden</subfield></datafield><datafield tag="650" ind1=" " ind2="7"><subfield code="2">KUL</subfield><subfield code="a">Vol Gebtype</subfield><subfield code="x">kastelen</subfield></datafield><datafield tag="650" ind1=" " ind2="7"><subfield code="2">KUL</subfield><subfield code="a">VoL Gebtype</subfield><subfield code="x">militaire gebouwen</subfield></datafield><datafield tag="650" ind1=" " ind2="7"><subfield code="2">KUL</subfield><subfield code="a">VoL Gebouw</subfield><subfield code="x">Leuven, Keizersberg</subfield></datafield><datafield tag="653" ind1=" " ind2="6"><subfield code="a">Topographical pictures</subfield></datafield><datafield tag="830" ind1="1" ind2="0"><subfield code="a">Leuven. Burgerlijke gebouwen</subfield></datafield><datafield tag="856" ind1="4" ind2=" "><subfield code="u">http://resolver.libis.be/IE979882/representation</subfield><subfield code="y">KU Leuven Libraries BIBC BRES TA00306</subfield></datafield><datafield tag="900" ind1=" " ind2=" "><subfield code="a">NO DEDUP</subfield></datafield><datafield tag="950" ind1=" " ind2=" "><subfield code="b">engraving(s)</subfield><subfield code="c">manueel ingekleurd</subfield></datafield><datafield tag="957" ind1=" " ind2=" "><subfield code="a">CASTRUM LOVANIENSE</subfield><subfield code="b">in de voorstelling: bovenaan, centraal</subfield></datafield><datafield tag="981" ind1=" " ind2=" "><subfield code="a">Digital title KU Leuven Libraries</subfield></datafield></record>