<record><leader>01377nkm a2200337 a 4500</leader><controlfield tag="001">9980166030101488</controlfield><controlfield tag="005">20200503114917.0</controlfield><controlfield tag="008">110204s1989    xx nnn            ||dut d</controlfield><datafield tag="035" ind1=" " ind2=" "><subfield code="a">(BeLVLBS)008016603LBS01-Aleph</subfield></datafield><datafield tag="040" ind1=" " ind2=" "><subfield code="a">BeLVLBS</subfield><subfield code="b">Language of cataloging varies</subfield><subfield code="e">rda based</subfield></datafield><datafield tag="245" ind1="0" ind2="0"><subfield code="a">Leuven Bibliotheek</subfield></datafield><datafield tag="260" ind1=" " ind2=" "><subfield code="c">1989</subfield></datafield><datafield tag="300" ind1=" " ind2=" "><subfield code="c">voorstelling: 72 x 76 mm</subfield><subfield code="c">voorstelling met opschrift: 81 x 80 mm.</subfield></datafield><datafield tag="336" ind1=" " ind2=" "><subfield code="a">still image</subfield><subfield code="2">rdacontent</subfield></datafield><datafield tag="337" ind1=" " ind2=" "><subfield code="a">unmediated</subfield><subfield code="2">rdamedia</subfield></datafield><datafield tag="338" ind1=" " ind2=" "><subfield code="a">card</subfield><subfield code="2">rdacarrier</subfield></datafield><datafield tag="340" ind1=" " ind2=" "><subfield code="a">Graphic</subfield></datafield><datafield tag="340" ind1=" " ind2=" "><subfield code="o">Black-and-white ;</subfield></datafield><datafield tag="545" ind1=" " ind2=" "><subfield code="a">Gezicht op het bovenste deel van de Universiteitsbibliotheek</subfield></datafield><datafield tag="542" ind1=" " ind2=" "><subfield code="l">public domain</subfield><subfield code="n">available as open data</subfield><subfield code="u">gebruiksvoorwaarden</subfield></datafield><datafield tag="650" ind1=" " ind2="7"><subfield code="2">KUL</subfield><subfield code="a">VoL Gebtype</subfield><subfield code="x">universiteitsgebouwen</subfield></datafield><datafield tag="650" ind1=" " ind2="7"><subfield code="2">KUL</subfield><subfield code="a">VoL Gebouw</subfield><subfield code="x">Leuven, Centrale Bibliotheek</subfield></datafield><datafield tag="653" ind1=" " ind2="6"><subfield code="a">Topographical pictures</subfield></datafield><datafield tag="700" ind1="1" ind2=" "><subfield code="a">de Bolle, Jean</subfield><subfield code="d">1942-</subfield><subfield code="g">Belgian painter, graphic artist</subfield><subfield code="4">art</subfield></datafield><datafield tag="830" ind1="1" ind2="0"><subfield code="a">Leuven. Universiteitsgebouwen</subfield></datafield><datafield tag="856" ind1="4" ind2=" "><subfield code="u">http://resolver.libis.be/IE980008/representation</subfield><subfield code="y">KU Leuven Libraries BIBC BRES TA00513</subfield></datafield><datafield tag="900" ind1=" " ind2=" "><subfield code="a">NO DEDUP</subfield></datafield><datafield tag="950" ind1=" " ind2=" "><subfield code="b">etching(s)</subfield><subfield code="c">Soft ground etching</subfield></datafield><datafield tag="957" ind1=" " ind2=" "><subfield code="a">Staat 2 - 100/100</subfield><subfield code="b">buiten de voorstelling: onderaan, links (in potlood)</subfield></datafield><datafield tag="957" ind1=" " ind2=" "><subfield code="a">Leuven Bibliotheek</subfield><subfield code="b">buiten de voorstelling: onderaan, centraal (in potlood)</subfield></datafield><datafield tag="957" ind1=" " ind2=" "><subfield code="a">B J. DeBolle '89</subfield><subfield code="b">buiten de voorstelling: onderaan, rechts (in potlood)</subfield></datafield><datafield tag="981" ind1=" " ind2=" "><subfield code="a">Digital title KU Leuven Libraries</subfield></datafield></record>