<record><leader>01985nkm a2200397 a 4500</leader><controlfield tag="001">9980168420101488</controlfield><controlfield tag="005">20200503114906.0</controlfield><controlfield tag="008">110204s1852    xx nnn            ||fre d</controlfield><datafield tag="035" ind1=" " ind2=" "><subfield code="a">(BeLVLBS)008016842LBS01-Aleph</subfield></datafield><datafield tag="040" ind1=" " ind2=" "><subfield code="a">BeLVLBS</subfield><subfield code="b">Language of cataloging varies</subfield><subfield code="e">rda based</subfield></datafield><datafield tag="245" ind1="0" ind2="4"><subfield code="a">Die Hallen in Löwen / Anciennes Halles à Louvain / Ancient Hall at Louvain</subfield></datafield><datafield tag="260" ind1=" " ind2=" "><subfield code="f">Muquardt, C.</subfield></datafield><datafield tag="260" ind1=" " ind2=" "><subfield code="c">1852</subfield></datafield><datafield tag="300" ind1=" " ind2=" "><subfield code="c">voorstelling: 228 x 309 mm</subfield><subfield code="c">voorstelling met opschrift: 250 x 309 mm.</subfield></datafield><datafield tag="336" ind1=" " ind2=" "><subfield code="a">still image</subfield><subfield code="2">rdacontent</subfield></datafield><datafield tag="337" ind1=" " ind2=" "><subfield code="a">unmediated</subfield><subfield code="2">rdamedia</subfield></datafield><datafield tag="338" ind1=" " ind2=" "><subfield code="a">card</subfield><subfield code="2">rdacarrier</subfield></datafield><datafield tag="340" ind1=" " ind2=" "><subfield code="a">Graphic</subfield></datafield><datafield tag="340" ind1=" " ind2=" "><subfield code="o">Multi coloured ;</subfield></datafield><datafield tag="545" ind1=" " ind2=" "><subfield code="a">Gezicht op de grote vestibule of atrium van de Universiteitshal en de dubbele trap. In de ruimte zijn enkele figuren aanwezig.</subfield></datafield><datafield tag="580" ind1=" " ind2=" "><subfield code="a">illustratie uit: Monument d'architecture et de sculpture en Belgique, Burssel, 1853.</subfield></datafield><datafield tag="542" ind1=" " ind2=" "><subfield code="l">public domain</subfield><subfield code="n">available as open data</subfield><subfield code="u">gebruiksvoorwaarden</subfield></datafield><datafield tag="650" ind1=" " ind2="7"><subfield code="2">KUL</subfield><subfield code="a">VoL Gebouw</subfield><subfield code="x">Leuven, Universiteitshal (Lakenhalle)</subfield></datafield><datafield tag="650" ind1=" " ind2="7"><subfield code="2">KUL</subfield><subfield code="a">VoL Gebtype</subfield><subfield code="x">universiteitsgebouwen</subfield></datafield><datafield tag="653" ind1=" " ind2="6"><subfield code="a">Topographical pictures</subfield></datafield><datafield tag="700" ind1="1" ind2=" "><subfield code="a">Stroobant, François</subfield><subfield code="d">1819-1916</subfield><subfield code="g">Belgian painter and lithographer</subfield><subfield code="4">art</subfield><subfield code="3">designer and lithographer</subfield></datafield><datafield tag="700" ind1="0" ind2=" "><subfield code="a">Simonau &amp; Toovey</subfield><subfield code="g">Belgian printing business of lithographs and phototypes, active ca. 1847-1899</subfield><subfield code="4">art</subfield><subfield code="3">printer</subfield></datafield><datafield tag="830" ind1="1" ind2="0"><subfield code="a">Leuven. Universiteitsgebouwen</subfield></datafield><datafield tag="856" ind1="4" ind2=" "><subfield code="u">http://resolver.libis.be/IE980078/representation</subfield><subfield code="y">KU Leuven Libraries BIBC BRES TA00523</subfield></datafield><datafield tag="900" ind1=" " ind2=" "><subfield code="a">NO DEDUP</subfield></datafield><datafield tag="950" ind1=" " ind2=" "><subfield code="b">lithograph(s)</subfield></datafield><datafield tag="957" ind1=" " ind2=" "><subfield code="a">1852 F.S.</subfield><subfield code="b">in de voorstelling: onderaan, rechts</subfield></datafield><datafield tag="957" ind1=" " ind2=" "><subfield code="a">F. Stroobant del. et lith.</subfield><subfield code="b">buiten de voorstelling: onderaan, links</subfield></datafield><datafield tag="957" ind1=" " ind2=" "><subfield code="a">C. Muquardt éditeur</subfield><subfield code="b">buiten de voorstelling: onderaan, centraal</subfield></datafield><datafield tag="957" ind1=" " ind2=" "><subfield code="a">Imp. Simonau &amp; Toovey, Bruxelles.</subfield><subfield code="b">buiten de voorstelling: onderaan, rechts</subfield></datafield><datafield tag="957" ind1=" " ind2=" "><subfield code="a">DIE HALLEN IN LÖWEN. / ANCIENNES HALLES A LOUVAIN / ANCIENT HALL AT LOUVAIN</subfield><subfield code="b">buiten de voorstelling: onderaan, centraal</subfield></datafield><datafield tag="981" ind1=" " ind2=" "><subfield code="a">Digital title KU Leuven Libraries</subfield></datafield></record>