<record><leader>01580nkm a2200373 a 4500</leader><controlfield tag="001">9980168940101488</controlfield><controlfield tag="005">20200503114915.0</controlfield><controlfield tag="008">110204s1992    xx nnn            ||dut d</controlfield><datafield tag="035" ind1=" " ind2=" "><subfield code="a">(BeLVLBS)008016894LBS01-Aleph</subfield></datafield><datafield tag="040" ind1=" " ind2=" "><subfield code="a">BeLVLBS</subfield><subfield code="b">Language of cataloging varies</subfield><subfield code="e">rda based</subfield></datafield><datafield tag="245" ind1="0" ind2="3"><subfield code="a">De Regavleugel - KULeuven</subfield></datafield><datafield tag="260" ind1=" " ind2=" "><subfield code="c">1992</subfield></datafield><datafield tag="300" ind1=" " ind2=" "><subfield code="c">voorstelling: 177 x 147 mm</subfield><subfield code="c">voorstelling met opschrift: 188 x 157 mm.</subfield></datafield><datafield tag="336" ind1=" " ind2=" "><subfield code="a">still image</subfield><subfield code="2">rdacontent</subfield></datafield><datafield tag="337" ind1=" " ind2=" "><subfield code="a">unmediated</subfield><subfield code="2">rdamedia</subfield></datafield><datafield tag="338" ind1=" " ind2=" "><subfield code="a">card</subfield><subfield code="2">rdacarrier</subfield></datafield><datafield tag="340" ind1=" " ind2=" "><subfield code="a">Graphic</subfield></datafield><datafield tag="340" ind1=" " ind2=" "><subfield code="o">Multi coloured ;</subfield></datafield><datafield tag="545" ind1=" " ind2=" "><subfield code="a">Gezicht op de Regavleugel van de Universiteitshal op de Oude Markt. Op de Oude Markt zijn enkele figuren te zien, waaronder een man op de fiets.</subfield></datafield><datafield tag="542" ind1=" " ind2=" "><subfield code="l">public domain</subfield><subfield code="n">available as open data</subfield><subfield code="u">gebruiksvoorwaarden</subfield></datafield><datafield tag="650" ind1=" " ind2="7"><subfield code="2">KUL</subfield><subfield code="a">VoL Gebouw</subfield><subfield code="x">Leuven, Universiteitshal (Lakenhalle)</subfield></datafield><datafield tag="650" ind1=" " ind2="7"><subfield code="2">KUL</subfield><subfield code="a">VoL Straat</subfield><subfield code="x">Leuven, Oude Markt</subfield></datafield><datafield tag="650" ind1=" " ind2="7"><subfield code="2">KUL</subfield><subfield code="a">VoL Gebtype</subfield><subfield code="x">pleinen</subfield></datafield><datafield tag="650" ind1=" " ind2="7"><subfield code="2">KUL</subfield><subfield code="a">VoL Gebtype</subfield><subfield code="x">universiteitsgebouwen</subfield></datafield><datafield tag="653" ind1=" " ind2="6"><subfield code="a">Topographical pictures</subfield></datafield><datafield tag="700" ind1="1" ind2=" "><subfield code="a">Kotsch, Roeland</subfield><subfield code="d">1953-</subfield><subfield code="g">Belgian graphic artist</subfield><subfield code="4">art</subfield></datafield><datafield tag="830" ind1="1" ind2="0"><subfield code="a">Leuven. Universiteitsgebouwen</subfield></datafield><datafield tag="830" ind1="1" ind2="0"><subfield code="a">Leuven. Pleinen</subfield></datafield><datafield tag="856" ind1="4" ind2=" "><subfield code="u">http://resolver.libis.be/IE980113/representation</subfield><subfield code="y">KU Leuven Libraries BIBC BRES TA00528</subfield></datafield><datafield tag="900" ind1=" " ind2=" "><subfield code="a">NO DEDUP</subfield></datafield><datafield tag="950" ind1=" " ind2=" "><subfield code="b">etching(s)</subfield><subfield code="b">aquatint</subfield></datafield><datafield tag="957" ind1=" " ind2=" "><subfield code="a">11/150</subfield><subfield code="b">buiten de voorstelling: onderaan, links (in potlood)</subfield></datafield><datafield tag="957" ind1=" " ind2=" "><subfield code="a">De Regavleugel - KULeuven</subfield><subfield code="b">buiten de voorstelling: onderaan, centraal (in potlood)</subfield></datafield><datafield tag="957" ind1=" " ind2=" "><subfield code="a">R Kotsch 1992</subfield><subfield code="b">buiten de voorstelling: onderaan, rechts (in potlood)</subfield></datafield><datafield tag="981" ind1=" " ind2=" "><subfield code="a">Digital title KU Leuven Libraries</subfield></datafield></record>