<record><leader>01485nkm a2200361 a 4500</leader><controlfield tag="001">9980181710101488</controlfield><controlfield tag="005">20200503114751.0</controlfield><controlfield tag="008">110204q16uu    xx nnn            ||spa d</controlfield><datafield tag="035" ind1=" " ind2=" "><subfield code="a">(BeLVLBS)008018171LBS01-Aleph</subfield></datafield><datafield tag="040" ind1=" " ind2=" "><subfield code="a">BeLVLBS</subfield><subfield code="b">Language of cataloging varies</subfield><subfield code="e">rda based</subfield></datafield><datafield tag="245" ind1="0" ind2="0"><subfield code="a">Lovagno</subfield></datafield><datafield tag="260" ind1=" " ind2=" "><subfield code="c">1600-1700</subfield></datafield><datafield tag="300" ind1=" " ind2=" "><subfield code="c">voorstelling: 295 x 417 mm</subfield><subfield code="c">voorstelling met kader: 300 x 421 mm.</subfield></datafield><datafield tag="336" ind1=" " ind2=" "><subfield code="a">still image</subfield><subfield code="2">rdacontent</subfield></datafield><datafield tag="337" ind1=" " ind2=" "><subfield code="a">unmediated</subfield><subfield code="2">rdamedia</subfield></datafield><datafield tag="338" ind1=" " ind2=" "><subfield code="a">card</subfield><subfield code="2">rdacarrier</subfield></datafield><datafield tag="340" ind1=" " ind2=" "><subfield code="a">Graphic</subfield></datafield><datafield tag="340" ind1=" " ind2=" "><subfield code="o">Black-and-white ;</subfield></datafield><datafield tag="545" ind1=" " ind2=" "><subfield code="a">Plattegrond van Leuven met binnen het stadsoppervlak enkel de aanduiding van de verdedigings- en vestingmuren, de waterlopen en enkele zeer gefantaseerde gebouwen. Buiten de stad aandacht voor het wegennet en dorpskernen. Onderaan links voorstelling van een legerkamp.</subfield></datafield><datafield tag="542" ind1=" " ind2=" "><subfield code="l">public domain</subfield><subfield code="n">available as open data</subfield><subfield code="u">gebruiksvoorwaarden</subfield></datafield><datafield tag="650" ind1=" " ind2="7"><subfield code="2">KUL</subfield><subfield code="a">VoL Gebtype</subfield><subfield code="x">abdijen</subfield></datafield><datafield tag="650" ind1=" " ind2="7"><subfield code="2">KUL</subfield><subfield code="a">VoL Gebtype</subfield><subfield code="x">kerken (kerkgebouwen)</subfield></datafield><datafield tag="650" ind1=" " ind2="7"><subfield code="2">KUL</subfield><subfield code="a">VoL Gebtype</subfield><subfield code="x">kloosters</subfield></datafield><datafield tag="650" ind1=" " ind2="7"><subfield code="2">KUL</subfield><subfield code="a">VoL Gebtype</subfield><subfield code="x">verdedigingsmuren</subfield></datafield><datafield tag="650" ind1=" " ind2="7"><subfield code="2">KUL</subfield><subfield code="a">VoL Gebtype</subfield><subfield code="x">woningen (huis)</subfield></datafield><datafield tag="653" ind1=" " ind2="6"><subfield code="a">Topographical pictures</subfield></datafield><datafield tag="830" ind1="1" ind2="0"><subfield code="a">Leuven. Plattegrond</subfield></datafield><datafield tag="830" ind1="1" ind2="0"><subfield code="a">Leuven. Religieuze gebouwen</subfield></datafield><datafield tag="830" ind1="1" ind2="0"><subfield code="a">Leuven. Burgerlijke gebouwen</subfield></datafield><datafield tag="856" ind1="4" ind2=" "><subfield code="u">http://resolver.libis.be/IE980477/representation</subfield><subfield code="y">KU Leuven Libraries BIBC BRES TB00306</subfield></datafield><datafield tag="900" ind1=" " ind2=" "><subfield code="a">NO DEDUP</subfield></datafield><datafield tag="950" ind1=" " ind2=" "><subfield code="b">engraving(s)</subfield></datafield><datafield tag="957" ind1=" " ind2=" "><subfield code="a">LOVAGNO</subfield><subfield code="b">in de voorstelling: bovenaan, centraal</subfield></datafield><datafield tag="981" ind1=" " ind2=" "><subfield code="a">Digital title KU Leuven Libraries</subfield></datafield></record>