<record><leader>02563nkm a2200421 a 4500</leader><controlfield tag="001">9980181780101488</controlfield><controlfield tag="005">20200503114735.0</controlfield><controlfield tag="008">110204q1612    xx nnn            ||fre d</controlfield><datafield tag="035" ind1=" " ind2=" "><subfield code="a">(BeLVLBS)008018178LBS01-Aleph</subfield></datafield><datafield tag="040" ind1=" " ind2=" "><subfield code="a">BeLVLBS</subfield><subfield code="b">Language of cataloging varies</subfield><subfield code="e">rda based</subfield></datafield><datafield tag="245" ind1="0" ind2="0"><subfield code="a">Heverle - Château de Heverle</subfield></datafield><datafield tag="260" ind1=" " ind2=" "><subfield code="c">1612</subfield><subfield code="3">datum van kopersnede</subfield></datafield><datafield tag="300" ind1=" " ind2=" "><subfield code="c">voorstelling: 291 x 176 mm.</subfield></datafield><datafield tag="336" ind1=" " ind2=" "><subfield code="a">still image</subfield><subfield code="2">rdacontent</subfield></datafield><datafield tag="337" ind1=" " ind2=" "><subfield code="a">unmediated</subfield><subfield code="2">rdamedia</subfield></datafield><datafield tag="338" ind1=" " ind2=" "><subfield code="a">card</subfield><subfield code="2">rdacarrier</subfield></datafield><datafield tag="340" ind1=" " ind2=" "><subfield code="a">Graphic</subfield></datafield><datafield tag="340" ind1=" " ind2=" "><subfield code="o">Black-and-white ;</subfield></datafield><datafield tag="545" ind1=" " ind2=" "><subfield code="a">Voorstelling bovenaan: panoramisch gezicht op Heverlee. Bovenaan, centraal cartouche versierd met linten en onderaan twee wapenschilden. Links het gekroonde wapen van de Croy, omhangen met het Gulden Vlies, rechts het wapen van Heverlee. Bovenaan gezicht op oude kasteel van Arenberg, in het begin van de 16de eeuw, voor de bouw van het huidige kasteel, links Celestijnenklooster, rechts Sint-Lambertuskerk. Verschillende personen op de voorgrond. Voorstelling onderaan: uitvergroting van kasteel van bovenste voorstelling. Valbrug over de Dijle, geeft toegang tot de ommuurde binnenkoer waar enkele mensen aanwezig zijn. Achteraan, links laatmiddeleeuwse, gekanteelde donjon. Omringend landschap. Bovenaan, centraal versierde cartouche. Links hiervan wapenschild van de Croys, omhangen met het Gulden Vlies, rechts het gekroond wapenschild van Heverlee.</subfield></datafield><datafield tag="580" ind1=" " ind2=" "><subfield code="a">illustratie uit: De Bye, Jacques, Livre contenant la généalogie et descente de ceux de la maison de Croÿ..., s.l.n.d. (na 1606-voor 1612). [Arenbergarchief, nr. 2405]</subfield></datafield><datafield tag="542" ind1=" " ind2=" "><subfield code="l">public domain</subfield><subfield code="n">available as open data</subfield><subfield code="u">gebruiksvoorwaarden</subfield></datafield><datafield tag="650" ind1=" " ind2="7"><subfield code="2">KUL</subfield><subfield code="a">VoL Pano</subfield><subfield code="x">Heverlee, panorama</subfield></datafield><datafield tag="650" ind1=" " ind2="7"><subfield code="2">KUL</subfield><subfield code="a">VoL Gebouw</subfield><subfield code="x">Heverlee, Arenbergkasteel</subfield></datafield><datafield tag="650" ind1=" " ind2="7"><subfield code="2">KUL</subfield><subfield code="a">Vol Gebouw</subfield><subfield code="x">Heverlee, Celestijnenklooster</subfield></datafield><datafield tag="650" ind1=" " ind2="7"><subfield code="2">KUL</subfield><subfield code="a">Vol Gebouw</subfield><subfield code="x">Heverlee, Sint-Lambertuskerk</subfield></datafield><datafield tag="650" ind1=" " ind2="7"><subfield code="2">KUL</subfield><subfield code="a">Vol Gebtype</subfield><subfield code="x">kastelen</subfield></datafield><datafield tag="650" ind1=" " ind2="7"><subfield code="2">KUL</subfield><subfield code="a">VoL Gebtype</subfield><subfield code="x">kloosters</subfield></datafield><datafield tag="650" ind1=" " ind2="7"><subfield code="2">KUL</subfield><subfield code="a">VoL Gebtype</subfield><subfield code="x">kerken (kerkgebouwen)</subfield></datafield><datafield tag="653" ind1=" " ind2="6"><subfield code="a">Topographical pictures</subfield></datafield><datafield tag="700" ind1="1" ind2=" "><subfield code="a">de Bie, Jacobus</subfield><subfield code="d">1581-ca. 1640</subfield><subfield code="g">Flemish draftsman, engraver</subfield><subfield code="4">art</subfield><subfield code="3">engraver</subfield></datafield><datafield tag="830" ind1="1" ind2="0"><subfield code="a">Heverlee. Panorama's</subfield></datafield><datafield tag="830" ind1="1" ind2="0"><subfield code="a">Heverlee. Burgerlijke gebouwen</subfield></datafield><datafield tag="830" ind1="1" ind2="0"><subfield code="a">Heverlee. Religieuze gebouwen</subfield></datafield><datafield tag="856" ind1="4" ind2=" "><subfield code="u">http://resolver.libis.be/IE980456/representation</subfield><subfield code="y">KU Leuven Libraries BIBC BRES TB00303</subfield></datafield><datafield tag="900" ind1=" " ind2=" "><subfield code="a">NO DEDUP</subfield></datafield><datafield tag="950" ind1=" " ind2=" "><subfield code="b">etching(s)</subfield></datafield><datafield tag="957" ind1=" " ind2=" "><subfield code="a">HEVERLE</subfield><subfield code="b">in de voorstelling: bovenaan, centraal</subfield></datafield><datafield tag="957" ind1=" " ind2=" "><subfield code="a">CHAV. DE. HEVERLE</subfield><subfield code="b">in de voorstelling: midden, centraal</subfield></datafield><datafield tag="981" ind1=" " ind2=" "><subfield code="a">Digital title KU Leuven Libraries</subfield></datafield></record>