<record><leader>01627nkm a2200373 a 4500</leader><controlfield tag="001">9980183910101488</controlfield><controlfield tag="005">20200503114754.0</controlfield><controlfield tag="008">110204q1827    xx nnn            ||dut d</controlfield><datafield tag="035" ind1=" " ind2=" "><subfield code="a">(BeLVLBS)008018391LBS01-Aleph</subfield></datafield><datafield tag="040" ind1=" " ind2=" "><subfield code="a">BeLVLBS</subfield><subfield code="b">Language of cataloging varies</subfield><subfield code="e">rda based</subfield></datafield><datafield tag="245" ind1="0" ind2="0"><subfield code="a">Plan der stad Leuven</subfield></datafield><datafield tag="260" ind1=" " ind2=" "><subfield code="c">1827-1830</subfield></datafield><datafield tag="300" ind1=" " ind2=" "><subfield code="c">voorstelling: 464 x 517 mm</subfield><subfield code="c">voorstelling met kader en opschrift: 493 x 638 mm.</subfield></datafield><datafield tag="336" ind1=" " ind2=" "><subfield code="a">still image</subfield><subfield code="2">rdacontent</subfield></datafield><datafield tag="337" ind1=" " ind2=" "><subfield code="a">unmediated</subfield><subfield code="2">rdamedia</subfield></datafield><datafield tag="338" ind1=" " ind2=" "><subfield code="a">card</subfield><subfield code="2">rdacarrier</subfield></datafield><datafield tag="340" ind1=" " ind2=" "><subfield code="a">Graphic</subfield></datafield><datafield tag="340" ind1=" " ind2=" "><subfield code="o">Black-and-white ;</subfield></datafield><datafield tag="545" ind1=" " ind2=" "><subfield code="a">Plattegrond van Leuven, onderaan links de schaalaanduiding.</subfield></datafield><datafield tag="500" ind1=" " ind2=" "><subfield code="a">facsimile in zelfde map</subfield></datafield><datafield tag="581" ind1=" " ind2=" "><subfield code="a">Jules Petit, Vue de Louvain, 1877, nr. 72. Van Even, Louvain dans le passe et dans le present, p. 182.</subfield></datafield><datafield tag="542" ind1=" " ind2=" "><subfield code="l">public domain</subfield><subfield code="n">available as open data</subfield><subfield code="u">gebruiksvoorwaarden</subfield></datafield><datafield tag="653" ind1=" " ind2="6"><subfield code="a">Topographical pictures</subfield></datafield><datafield tag="700" ind1="1" ind2=" "><subfield code="a">Jobard, Jean Baptiste Ambroise Marcelin</subfield><subfield code="d">1792-1861</subfield><subfield code="g">Belgian lithographer and daguerreotypist</subfield><subfield code="4">art</subfield><subfield code="3">lithographer</subfield></datafield><datafield tag="700" ind1="1" ind2=" "><subfield code="a">Collon</subfield><subfield code="4">art</subfield><subfield code="3">designer</subfield></datafield><datafield tag="830" ind1="1" ind2="0"><subfield code="a">Leuven. Plattegrond</subfield></datafield><datafield tag="856" ind1="4" ind2=" "><subfield code="u">http://resolver.libis.be/IE980526/representation</subfield><subfield code="y">KU Leuven Libraries BIBC BRES TC00002</subfield></datafield><datafield tag="900" ind1=" " ind2=" "><subfield code="a">NO DEDUP</subfield></datafield><datafield tag="950" ind1=" " ind2=" "><subfield code="b">lithograph(s)</subfield></datafield><datafield tag="957" ind1=" " ind2=" "><subfield code="a">PLAN DER STAD LEUVEN</subfield><subfield code="b">buiten de voorstelling: bovenaan, centraal</subfield></datafield><datafield tag="957" ind1=" " ind2=" "><subfield code="a">legende straten</subfield><subfield code="b">buiten de voorstelling: links</subfield></datafield><datafield tag="957" ind1=" " ind2=" "><subfield code="a">legende: aanwijzing der Gemeente Gebouwen - Kerken - Markten</subfield><subfield code="b">buiten de voorstelling: rechts</subfield></datafield><datafield tag="957" ind1=" " ind2=" "><subfield code="a">Lith. de Jobard</subfield><subfield code="b">buiten de voorstelling: onderaan, links</subfield></datafield><datafield tag="957" ind1=" " ind2=" "><subfield code="a">Collon del.</subfield><subfield code="b">buiten de voorstelling: onderaan, rechts</subfield></datafield><datafield tag="981" ind1=" " ind2=" "><subfield code="a">Digital title KU Leuven Libraries</subfield></datafield></record>