<record><leader>01810nkm a2200397 a 4500</leader><controlfield tag="001">9980184220101488</controlfield><controlfield tag="005">20200503114741.0</controlfield><controlfield tag="008">110204s1890    xx nnn            ||fre d</controlfield><datafield tag="035" ind1=" " ind2=" "><subfield code="a">(BeLVLBS)008018422LBS01-Aleph</subfield></datafield><datafield tag="040" ind1=" " ind2=" "><subfield code="a">BeLVLBS</subfield><subfield code="b">Language of cataloging varies</subfield><subfield code="e">rda based</subfield></datafield><datafield tag="245" ind1="0" ind2="0"><subfield code="a">Plan de Louvain</subfield></datafield><datafield tag="260" ind1=" " ind2=" "><subfield code="c">1890</subfield></datafield><datafield tag="300" ind1=" " ind2=" "><subfield code="c">voorstelling: 493 x 660 mm</subfield><subfield code="c">voorstelling met kader en opschrift: 502 x 664 mm.</subfield></datafield><datafield tag="336" ind1=" " ind2=" "><subfield code="a">still image</subfield><subfield code="2">rdacontent</subfield></datafield><datafield tag="337" ind1=" " ind2=" "><subfield code="a">unmediated</subfield><subfield code="2">rdamedia</subfield></datafield><datafield tag="338" ind1=" " ind2=" "><subfield code="a">card</subfield><subfield code="2">rdacarrier</subfield></datafield><datafield tag="340" ind1=" " ind2=" "><subfield code="a">Graphic</subfield></datafield><datafield tag="340" ind1=" " ind2=" "><subfield code="o">Multi coloured ;</subfield></datafield><datafield tag="545" ind1=" " ind2=" "><subfield code="a">Plattegrond van Leuven met aanduiding in rood van de kloosters en hun eigendommen. In de legende aanduiding van alle aanwezige religieuze ordes en bijhorende straten.</subfield></datafield><datafield tag="581" ind1=" " ind2=" "><subfield code="a">Liberal du 9 oct.</subfield></datafield><datafield tag="542" ind1=" " ind2=" "><subfield code="l">public domain</subfield><subfield code="n">available as open data</subfield><subfield code="u">gebruiksvoorwaarden</subfield></datafield><datafield tag="650" ind1=" " ind2="7"><subfield code="2">KUL</subfield><subfield code="a">VoL Gebtype</subfield><subfield code="x">kloosters</subfield></datafield><datafield tag="653" ind1=" " ind2="6"><subfield code="a">Topographical pictures</subfield></datafield><datafield tag="700" ind1="1" ind2=" "><subfield code="a">D., C.</subfield><subfield code="4">art</subfield></datafield><datafield tag="830" ind1="1" ind2="0"><subfield code="a">Leuven. Plattegrond</subfield></datafield><datafield tag="830" ind1="1" ind2="0"><subfield code="a">Leuven. Religieuze gebouwen</subfield></datafield><datafield tag="856" ind1="4" ind2=" "><subfield code="u">http://resolver.libis.be/IE980533/representation</subfield><subfield code="y">KU Leuven Libraries BIBC BRES TC00003</subfield></datafield><datafield tag="900" ind1=" " ind2=" "><subfield code="a">NO DEDUP</subfield></datafield><datafield tag="950" ind1=" " ind2=" "><subfield code="b">lithograph(s)</subfield></datafield><datafield tag="957" ind1=" " ind2=" "><subfield code="a">Supplémant au LIBÉRAL du 12 Octobre 1890.</subfield><subfield code="b">in de voorstelling: bovenaan, links</subfield></datafield><datafield tag="957" ind1=" " ind2=" "><subfield code="a">PLAN DE LOUVAIN</subfield><subfield code="b">in de voorstelling: bovenaan, links</subfield></datafield><datafield tag="957" ind1=" " ind2=" "><subfield code="a">Indiquant en teinte rouge les couvents établis / en cette ville ainsi que les biens leur appartenant.</subfield><subfield code="b">in de voorstelling: bovenaan, links</subfield></datafield><datafield tag="957" ind1=" " ind2=" "><subfield code="a">legende</subfield><subfield code="b">in de voorstelling: midden, links</subfield></datafield><datafield tag="957" ind1=" " ind2=" "><subfield code="a">schaal</subfield><subfield code="b">in de voorstelling: onderaan, links</subfield></datafield><datafield tag="957" ind1=" " ind2=" "><subfield code="a">aanduiding van gebouwen en straten d.m.v. nummers, straatnamen, namen van omliggende gemeenten</subfield><subfield code="b">in de voorstelling: verspreid</subfield></datafield><datafield tag="957" ind1=" " ind2=" "><subfield code="a">C.D. 1890.</subfield><subfield code="b">buiten de voorstelling: onderaan, rechts</subfield></datafield><datafield tag="981" ind1=" " ind2=" "><subfield code="a">Digital title KU Leuven Libraries</subfield></datafield></record>