<record><leader>01592nkm a2200385 a 4500</leader><controlfield tag="001">9980200220101488</controlfield><controlfield tag="005">20200503114757.0</controlfield><controlfield tag="008">110204q1983    xx nnn            ||dut d</controlfield><datafield tag="035" ind1=" " ind2=" "><subfield code="a">(BeLVLBS)008020022LBS01-Aleph</subfield></datafield><datafield tag="040" ind1=" " ind2=" "><subfield code="a">BeLVLBS</subfield><subfield code="b">Language of cataloging varies</subfield><subfield code="e">rda based</subfield></datafield><datafield tag="245" ind1="0" ind2="0"><subfield code="a">Leuven anno 1983</subfield></datafield><datafield tag="260" ind1=" " ind2=" "><subfield code="a">Antwerpen</subfield><subfield code="b">Cartografische Studio Planotec</subfield><subfield code="c">1983</subfield></datafield><datafield tag="300" ind1=" " ind2=" "><subfield code="c">voorstelling: 555 x 810 mm.</subfield></datafield><datafield tag="336" ind1=" " ind2=" "><subfield code="a">still image</subfield><subfield code="2">rdacontent</subfield></datafield><datafield tag="337" ind1=" " ind2=" "><subfield code="a">unmediated</subfield><subfield code="2">rdamedia</subfield></datafield><datafield tag="338" ind1=" " ind2=" "><subfield code="a">card</subfield><subfield code="2">rdacarrier</subfield></datafield><datafield tag="340" ind1=" " ind2=" "><subfield code="a">Graphic</subfield></datafield><datafield tag="340" ind1=" " ind2=" "><subfield code="o">Multi coloured ;</subfield></datafield><datafield tag="545" ind1=" " ind2=" "><subfield code="a">Plattegrond van Leuven met gebouwen in opstand getekend. Bovenaan links is er een windroos. Bovenaan rechts: een cartouche in renaissancestijl. Onderaan links een vooraanzicht van het stadhuis met de wapenschilden van de Vlaamse Gemeenschap en Leuven.</subfield></datafield><datafield tag="500" ind1=" " ind2=" "><subfield code="a">Met intekenbrochure</subfield></datafield><datafield tag="542" ind1=" " ind2=" "><subfield code="l">public domain</subfield><subfield code="n">available as open data</subfield><subfield code="u">gebruiksvoorwaarden</subfield></datafield><datafield tag="650" ind1=" " ind2="7"><subfield code="2">KUL</subfield><subfield code="a">VoL Gebouw</subfield><subfield code="x">Leuven, Stadhuis</subfield></datafield><datafield tag="650" ind1=" " ind2="7"><subfield code="2">KUL</subfield><subfield code="a">VoL Gebtype</subfield><subfield code="x">stadhuizen</subfield></datafield><datafield tag="653" ind1=" " ind2="6"><subfield code="a">Topographical pictures</subfield></datafield><datafield tag="700" ind1="1" ind2=" "><subfield code="a">Ebinger-Taeymans</subfield><subfield code="4">art</subfield></datafield><datafield tag="700" ind1="1" ind2=" "><subfield code="a">O.T.S.</subfield><subfield code="4">art</subfield></datafield><datafield tag="700" ind1="1" ind2=" "><subfield code="a">Ceulemans, Norbert</subfield><subfield code="4">ctg</subfield></datafield><datafield tag="830" ind1="1" ind2="0"><subfield code="a">Leuven. Plattegrond</subfield></datafield><datafield tag="830" ind1="1" ind2="0"><subfield code="a">Leuven. Burgerlijke gebouwen</subfield></datafield><datafield tag="856" ind1="4" ind2=" "><subfield code="u">http://resolver.libis.be/IE980575/representation</subfield><subfield code="y">KU Leuven Libraries BIBC BRES TC00052</subfield></datafield><datafield tag="900" ind1=" " ind2=" "><subfield code="a">NO DEDUP</subfield></datafield><datafield tag="950" ind1=" " ind2=" "><subfield code="b">offset</subfield></datafield><datafield tag="957" ind1=" " ind2=" "><subfield code="a">LEUVEN anno 1983</subfield><subfield code="b">in de voorstelling: bovenaan, rechts</subfield></datafield><datafield tag="957" ind1=" " ind2=" "><subfield code="a">1983 LEUVEN-BRABANT</subfield><subfield code="b">in de voorstelling: onderaan, links</subfield></datafield><datafield tag="957" ind1=" " ind2=" "><subfield code="a">O.T.S.-KONTICH / EBINGER-TAEYMANS 1983</subfield><subfield code="b">in de voorstelling: onderaan, rechts</subfield></datafield><datafield tag="981" ind1=" " ind2=" "><subfield code="a">Digital title KU Leuven Libraries</subfield></datafield></record>