<record><leader>02420nkm a2200409 a 4500</leader><controlfield tag="001">9984740570101488</controlfield><controlfield tag="005">20200503115625.0</controlfield><controlfield tag="008">110204q18uu    xx nnn            ||fre d</controlfield><datafield tag="035" ind1=" " ind2=" "><subfield code="a">(BeLVLBS)008474057LBS01-Aleph</subfield></datafield><datafield tag="040" ind1=" " ind2=" "><subfield code="a">BeLVLBS</subfield><subfield code="b">Language of cataloging varies</subfield><subfield code="e">rda based</subfield></datafield><datafield tag="245" ind1="0" ind2="0"><subfield code="a">Armoiries des Quatres Pédagogies: Le Porc, Le Lys, Le Château, Le Faucon</subfield></datafield><datafield tag="260" ind1=" " ind2=" "><subfield code="c">s.d</subfield><subfield code="3">1850-1900</subfield></datafield><datafield tag="300" ind1=" " ind2=" "><subfield code="c">voorstelling: 234 x 169 mm</subfield><subfield code="c">voorstelling met opschrift: 260 x 169 mm.</subfield></datafield><datafield tag="336" ind1=" " ind2=" "><subfield code="a">still image</subfield><subfield code="2">rdacontent</subfield></datafield><datafield tag="337" ind1=" " ind2=" "><subfield code="a">unmediated</subfield><subfield code="2">rdamedia</subfield></datafield><datafield tag="338" ind1=" " ind2=" "><subfield code="a">card</subfield><subfield code="2">rdacarrier</subfield></datafield><datafield tag="340" ind1=" " ind2=" "><subfield code="a">Graphic</subfield></datafield><datafield tag="340" ind1=" " ind2=" "><subfield code="o">Black-and-white ;</subfield></datafield><datafield tag="545" ind1=" " ind2=" "><subfield code="a">Gezicht op de pedagogie Het Varken. Onderaan gezicht op de hoofdingang van de pedagogie De Valk. Bovenaan de wapenschilden van de 4 pedagogieën: Het Varken, De Lelie, Het Kasteel en De Valk.</subfield></datafield><datafield tag="580" ind1=" " ind2=" "><subfield code="a">illustratie uit: Edward Van Even, Louvain monumental ou Description historique et artistique de tous les édifices civils et religieux de la dite ville, Leuven, Fonteyn, 1860.</subfield></datafield><datafield tag="542" ind1=" " ind2=" "><subfield code="l">public domain</subfield><subfield code="n">available as open data</subfield><subfield code="u">gebruiksvoorwaarden</subfield></datafield><datafield tag="650" ind1=" " ind2="7"><subfield code="2">KUL</subfield><subfield code="a">VoL Gebtype</subfield><subfield code="x">universiteitsgebouwen</subfield></datafield><datafield tag="650" ind1=" " ind2="7"><subfield code="2">KUL</subfield><subfield code="a">VoL Straat</subfield><subfield code="x">Leuven, Tiensestraat</subfield></datafield><datafield tag="650" ind1=" " ind2="7"><subfield code="2">KUL</subfield><subfield code="a">VoL Straat</subfield><subfield code="x">Leuven, Hogeschoolplein (voorheen : Sint-Michielsplein)</subfield></datafield><datafield tag="653" ind1=" " ind2="6"><subfield code="a">Topographical pictures</subfield></datafield><datafield tag="700" ind1="1" ind2=" "><subfield code="a">van Peteghem, Lodewijk Jozef</subfield><subfield code="d">1825-1900</subfield><subfield code="g">Belgian painter, draughtsman, etcher, lithographer</subfield><subfield code="4">art</subfield><subfield code="3">designer and graphic artist</subfield></datafield><datafield tag="775" ind1="1" ind2="8"><subfield code="w">(BeLVLBS)000103194LBS01-Aleph</subfield><subfield code="t">Louvain monumental ou Description historique et artistique de tous les édifices civils et religieux de la dite ville.</subfield><subfield code="4">776</subfield></datafield><datafield tag="830" ind1="1" ind2="0"><subfield code="a">Leuven. Universiteitsgebouwen</subfield></datafield><datafield tag="830" ind1="1" ind2="0"><subfield code="a">Leuven. Straten</subfield></datafield><datafield tag="856" ind1="4" ind2=" "><subfield code="u">http://resolver.libis.be/IE979007/representation</subfield><subfield code="y">KU Leuven Libraries BIBC BRES TA00405</subfield></datafield><datafield tag="900" ind1=" " ind2=" "><subfield code="a">NO DEDUP</subfield></datafield><datafield tag="950" ind1=" " ind2=" "><subfield code="b">lithograph(s)</subfield></datafield><datafield tag="957" ind1=" " ind2=" "><subfield code="a">Armoiries des Quatres Pédagogies Le Porc / Le Lys / Le Château / Le Faucon</subfield><subfield code="b">in de voorstelling: bovenaan, centraal</subfield></datafield><datafield tag="957" ind1=" " ind2=" "><subfield code="a">1 / 2 [coördinaten]</subfield><subfield code="b">in de voorstelling: verspreid</subfield></datafield><datafield tag="957" ind1=" " ind2=" "><subfield code="a">L. Van Peteghem del.t et Sculp.t</subfield><subfield code="b">in de voorstelling: onderaan, rechts</subfield></datafield><datafield tag="957" ind1=" " ind2=" "><subfield code="a">Louvain Monumental.</subfield><subfield code="b">buiten de voorstelling: bovenaan, links</subfield></datafield><datafield tag="957" ind1=" " ind2=" "><subfield code="a">1. Intérieur de la Pédagogie du Porc, vue prise en 1650. / 2. Vue de la Pédagogie du Faucon, rébâtie en 1782. / (Actuellement l’Hôpital militaire.)</subfield><subfield code="b">buiten de voorstelling: onderaan, centraal</subfield></datafield><datafield tag="981" ind1=" " ind2=" "><subfield code="a">Digital title KU Leuven Libraries</subfield></datafield></record>