<record><leader>02277nkm a2200409 a 4500</leader><controlfield tag="001">9984740850101488</controlfield><controlfield tag="005">20200503115631.0</controlfield><controlfield tag="008">110204q18uu    xx nnn            ||fre d</controlfield><datafield tag="035" ind1=" " ind2=" "><subfield code="a">(BeLVLBS)008474085LBS01-Aleph</subfield></datafield><datafield tag="040" ind1=" " ind2=" "><subfield code="a">BeLVLBS</subfield><subfield code="b">Language of cataloging varies</subfield><subfield code="e">rda based</subfield></datafield><datafield tag="245" ind1="0" ind2="2"><subfield code="a">L'Hôtel de la Famille Van Sestig</subfield></datafield><datafield tag="260" ind1=" " ind2=" "><subfield code="c">s.d</subfield><subfield code="3">1850-1900</subfield></datafield><datafield tag="300" ind1=" " ind2=" "><subfield code="c">voorstelling: 170 x 238 mm</subfield><subfield code="c">voorstelling met opschrift: 201 x 238 mm.</subfield></datafield><datafield tag="336" ind1=" " ind2=" "><subfield code="a">still image</subfield><subfield code="2">rdacontent</subfield></datafield><datafield tag="337" ind1=" " ind2=" "><subfield code="a">unmediated</subfield><subfield code="2">rdamedia</subfield></datafield><datafield tag="338" ind1=" " ind2=" "><subfield code="a">card</subfield><subfield code="2">rdacarrier</subfield></datafield><datafield tag="340" ind1=" " ind2=" "><subfield code="a">Graphic</subfield></datafield><datafield tag="340" ind1=" " ind2=" "><subfield code="o">Black-and-white ;</subfield></datafield><datafield tag="545" ind1=" " ind2=" "><subfield code="a">Gezicht op het Huis van 't Sestich of het Hogenheuvelcollege.</subfield></datafield><datafield tag="580" ind1=" " ind2=" "><subfield code="a">illustratie uit: Edward Van Even, Louvain monumental ou Description historique et artistique de tous les édifices civils et religieux de la dite ville, Leuven, Fonteyn, 1860.</subfield></datafield><datafield tag="542" ind1=" " ind2=" "><subfield code="l">public domain</subfield><subfield code="n">available as open data</subfield><subfield code="u">gebruiksvoorwaarden</subfield></datafield><datafield tag="650" ind1=" " ind2="7"><subfield code="2">KUL</subfield><subfield code="a">VoL Gebtype</subfield><subfield code="x">universiteitsgebouwen</subfield></datafield><datafield tag="650" ind1=" " ind2="7"><subfield code="2">KUL</subfield><subfield code="a">VoL Gebouw</subfield><subfield code="x">Leuven, Hogenheuvelcollege (College van de Hoge Heuvel, Collegium Alticollense, College van Sint-Willibrord en Sint-Bonifatius)</subfield></datafield><datafield tag="650" ind1=" " ind2="7"><subfield code="2">KUL</subfield><subfield code="a">VoL Straat</subfield><subfield code="x">Leuven, Naamsestraat (voorheen : Sint-Michielsstraat/Proefstraat)</subfield></datafield><datafield tag="653" ind1=" " ind2="6"><subfield code="a">Topographical pictures</subfield></datafield><datafield tag="700" ind1="1" ind2=" "><subfield code="a">van Peteghem, Lodewijk Jozef</subfield><subfield code="d">1825-1900</subfield><subfield code="g">Belgian painter, draughtsman, etcher, lithographer</subfield><subfield code="4">art</subfield><subfield code="3">designer and graphic artist</subfield></datafield><datafield tag="775" ind1="1" ind2="8"><subfield code="w">(BeLVLBS)000103194LBS01-Aleph</subfield><subfield code="t">Louvain monumental ou Description historique et artistique de tous les édifices civils et religieux de la dite ville.</subfield><subfield code="4">776</subfield></datafield><datafield tag="830" ind1="1" ind2="0"><subfield code="a">Leuven. Universiteitsgebouwen</subfield></datafield><datafield tag="830" ind1="1" ind2="0"><subfield code="a">Leuven. Burgerlijke gebouwen</subfield></datafield><datafield tag="830" ind1="1" ind2="0"><subfield code="a">Leuven. Straten</subfield></datafield><datafield tag="856" ind1="4" ind2=" "><subfield code="u">http://resolver.libis.be/IE979035/representation</subfield><subfield code="y">KU Leuven Libraries BIBC BRES TA00410</subfield></datafield><datafield tag="900" ind1=" " ind2=" "><subfield code="a">NO DEDUP</subfield></datafield><datafield tag="950" ind1=" " ind2=" "><subfield code="b">lithograph(s)</subfield></datafield><datafield tag="957" ind1=" " ind2=" "><subfield code="a">COLLEGIUM ALTICOL / LIENSE / 1755</subfield><subfield code="b">in de voostelling: onderaan, rechts</subfield></datafield><datafield tag="957" ind1=" " ind2=" "><subfield code="a">L. Van Peteghem, del.t et Sculp.t</subfield><subfield code="b">in de voorstelling: onderaan, links</subfield></datafield><datafield tag="957" ind1=" " ind2=" "><subfield code="a">Louvain Monumental.</subfield><subfield code="b">buiten de voorstelling: bovenaan, links</subfield></datafield><datafield tag="957" ind1=" " ind2=" "><subfield code="a">L’HÔTEL DE LA FAMILLE VAN SESTIG, BÂTI VERS 1530. / (Actuellement Collége Communal des humanités dit de la Haute-Colline.)</subfield><subfield code="b">buiten de voorstelling: onderaan, centraal</subfield></datafield><datafield tag="981" ind1=" " ind2=" "><subfield code="a">Digital title KU Leuven Libraries</subfield></datafield></record>