<record><leader>01520nkm a2200313 a 4500</leader><controlfield tag="001">9984888540101488</controlfield><controlfield tag="005">20200503115523.0</controlfield><controlfield tag="008">110204q18uu    xx nnn            ||fre d</controlfield><datafield tag="035" ind1=" " ind2=" "><subfield code="a">(BeLVLBS)008488854LBS01-Aleph</subfield></datafield><datafield tag="040" ind1=" " ind2=" "><subfield code="a">BeLVLBS</subfield><subfield code="b">Language of cataloging varies</subfield><subfield code="e">rda based</subfield></datafield><datafield tag="245" ind1="0" ind2="0"><subfield code="a">A la Memoire de Dame Jeanne-Claire Debusscher</subfield></datafield><datafield tag="260" ind1=" " ind2=" "><subfield code="c">s.d</subfield><subfield code="3">1846-1900</subfield></datafield><datafield tag="300" ind1=" " ind2=" "><subfield code="c">128 x 100 mm.</subfield></datafield><datafield tag="336" ind1=" " ind2=" "><subfield code="a">still image</subfield><subfield code="2">rdacontent</subfield></datafield><datafield tag="337" ind1=" " ind2=" "><subfield code="a">unmediated</subfield><subfield code="2">rdamedia</subfield></datafield><datafield tag="338" ind1=" " ind2=" "><subfield code="a">card</subfield><subfield code="2">rdacarrier</subfield></datafield><datafield tag="340" ind1=" " ind2=" "><subfield code="a">Graphic</subfield></datafield><datafield tag="340" ind1=" " ind2=" "><subfield code="o">Multi coloured ;</subfield></datafield><datafield tag="542" ind1=" " ind2=" "><subfield code="l">public domain</subfield><subfield code="n">available as open data</subfield><subfield code="u">gebruiksvoorwaarden</subfield></datafield><datafield tag="653" ind1=" " ind2="6"><subfield code="a">Non commercial chart</subfield></datafield><datafield tag="700" ind1="1" ind2=" "><subfield code="a">Barella, P.</subfield><subfield code="g">Belgian lithographer, active second half 19th century</subfield><subfield code="4">art</subfield><subfield code="3">printer and/or graphic artist</subfield></datafield><datafield tag="856" ind1="4" ind2=" "><subfield code="u">http://resolver.libis.be/IE4868504/representation</subfield><subfield code="y">KU Leuven Libraries BIBC BRES GYa00022</subfield></datafield><datafield tag="900" ind1=" " ind2=" "><subfield code="a">NO DEDUP</subfield></datafield><datafield tag="950" ind1=" " ind2=" "><subfield code="b">porcelain-card(s)</subfield></datafield><datafield tag="950" ind1=" " ind2=" "><subfield code="b">lithograph(s)</subfield></datafield><datafield tag="957" ind1=" " ind2=" "><subfield code="a">A LA MEMOIRE / de Dame / Jeanna-Claire / DEBUSSCHER, / Epouse de Mr. Pierre J.E.Libot, / née à Tercvueren le 22 Aôut / 1804 et décédée à Louvain / le 5 Janvier 1846 munie / de secours de la Religion.</subfield><subfield code="b">bovenaan, centraal</subfield></datafield><datafield tag="957" ind1=" " ind2=" "><subfield code="a">Ne consultez, Seigneur, que votre / bonté en jugeant cette âme que vous / avez rachetee par votre sang; et faîtes / qu'elle jouisse, éternellement des effets / de votre miséricorde que nous im= / =plorons pour elle.</subfield><subfield code="b">onderaan, centraal</subfield></datafield><datafield tag="957" ind1=" " ind2=" "><subfield code="a">R.I.P.</subfield><subfield code="b">onderaan, centraal</subfield></datafield><datafield tag="957" ind1=" " ind2=" "><subfield code="a">Lith. de P. Barella à Louvain.</subfield><subfield code="b">onderaan, centraal</subfield></datafield><datafield tag="981" ind1=" " ind2=" "><subfield code="a">Digital title KU Leuven Libraries</subfield></datafield></record>