<record><leader>01161nkm a2200313 a 4500</leader><controlfield tag="001">9985109120101488</controlfield><controlfield tag="005">20200503115652.0</controlfield><controlfield tag="008">110204q18uu    xx nnn            ||eng d</controlfield><datafield tag="035" ind1=" " ind2=" "><subfield code="a">(BeLVLBS)008510912LBS01-Aleph</subfield></datafield><datafield tag="040" ind1=" " ind2=" "><subfield code="a">BeLVLBS</subfield><subfield code="b">Language of cataloging varies</subfield><subfield code="e">rda based</subfield></datafield><datafield tag="245" ind1="0" ind2="0"><subfield code="a">Wild Man Hotel</subfield></datafield><datafield tag="260" ind1=" " ind2=" "><subfield code="c">s.d</subfield><subfield code="3">1800-1900</subfield></datafield><datafield tag="300" ind1=" " ind2=" "><subfield code="c">52 x 88 mm.</subfield></datafield><datafield tag="336" ind1=" " ind2=" "><subfield code="a">still image</subfield><subfield code="2">rdacontent</subfield></datafield><datafield tag="337" ind1=" " ind2=" "><subfield code="a">unmediated</subfield><subfield code="2">rdamedia</subfield></datafield><datafield tag="338" ind1=" " ind2=" "><subfield code="a">card</subfield><subfield code="2">rdacarrier</subfield></datafield><datafield tag="340" ind1=" " ind2=" "><subfield code="a">Graphic</subfield></datafield><datafield tag="340" ind1=" " ind2=" "><subfield code="o">Multi coloured ;</subfield></datafield><datafield tag="542" ind1=" " ind2=" "><subfield code="l">public domain</subfield><subfield code="n">available as open data</subfield><subfield code="u">gebruiksvoorwaarden</subfield></datafield><datafield tag="653" ind1=" " ind2="6"><subfield code="a">Commercial chart</subfield></datafield><datafield tag="700" ind1="1" ind2=" "><subfield code="a">Barella, P.</subfield><subfield code="g">Belgian lithographer, active second half 19th century</subfield><subfield code="4">art</subfield><subfield code="3">printer and/or graphic artist</subfield></datafield><datafield tag="856" ind1="4" ind2=" "><subfield code="u">http://resolver.libis.be/IE4868371/representation</subfield><subfield code="y">KU Leuven Libraries BIBC BRES GYa00003</subfield></datafield><datafield tag="900" ind1=" " ind2=" "><subfield code="a">NO DEDUP</subfield></datafield><datafield tag="950" ind1=" " ind2=" "><subfield code="b">porcelain-card(s)</subfield></datafield><datafield tag="950" ind1=" " ind2=" "><subfield code="b">lithograph(s)</subfield></datafield><datafield tag="957" ind1=" " ind2=" "><subfield code="a">WILD MAN HOTEL / NEAR THE TOWN HALL / AT LOUVAIN / Kept by the proprietor / J. F. DE KEYSER / FAMILY HOTEL.</subfield><subfield code="b">midden, centraal</subfield></datafield><datafield tag="957" ind1=" " ind2=" "><subfield code="a">BATHS</subfield><subfield code="b">onderaan, links</subfield></datafield><datafield tag="957" ind1=" " ind2=" "><subfield code="a">GARDEN.</subfield><subfield code="b">onderaan, rechts</subfield></datafield><datafield tag="957" ind1=" " ind2=" "><subfield code="a">Lith. de P. Barella, à Louvain.</subfield><subfield code="b">onderaan, links</subfield></datafield><datafield tag="981" ind1=" " ind2=" "><subfield code="a">Digital title KU Leuven Libraries</subfield></datafield></record>