<record><leader>01278nkm a2200337 a 4500</leader><controlfield tag="001">9985109610101488</controlfield><controlfield tag="005">20200503115629.0</controlfield><controlfield tag="008">110204q18uu    xx nnn            ||fre d</controlfield><datafield tag="035" ind1=" " ind2=" "><subfield code="a">(BeLVLBS)008510961LBS01-Aleph</subfield></datafield><datafield tag="040" ind1=" " ind2=" "><subfield code="a">BeLVLBS</subfield><subfield code="b">Language of cataloging varies</subfield><subfield code="e">rda based</subfield></datafield><datafield tag="245" ind1="0" ind2="0"><subfield code="a">Edouard Remy &amp; Cie. Usines Hydrauliques &amp; a Vapeur</subfield></datafield><datafield tag="260" ind1=" " ind2=" "><subfield code="c">s.d</subfield><subfield code="3">1862-1900</subfield></datafield><datafield tag="300" ind1=" " ind2=" "><subfield code="c">83 x 119 mm.</subfield></datafield><datafield tag="336" ind1=" " ind2=" "><subfield code="a">still image</subfield><subfield code="2">rdacontent</subfield></datafield><datafield tag="337" ind1=" " ind2=" "><subfield code="a">unmediated</subfield><subfield code="2">rdamedia</subfield></datafield><datafield tag="338" ind1=" " ind2=" "><subfield code="a">card</subfield><subfield code="2">rdacarrier</subfield></datafield><datafield tag="340" ind1=" " ind2=" "><subfield code="a">Graphic</subfield></datafield><datafield tag="340" ind1=" " ind2=" "><subfield code="o">Black-and-white ;</subfield></datafield><datafield tag="542" ind1=" " ind2=" "><subfield code="l">public domain</subfield><subfield code="n">available as open data</subfield><subfield code="u">gebruiksvoorwaarden</subfield></datafield><datafield tag="653" ind1=" " ind2="6"><subfield code="a">Commercial chart</subfield></datafield><datafield tag="700" ind1="1" ind2=" "><subfield code="a">Mayer, S.</subfield><subfield code="4">art</subfield><subfield code="3">printer and/or graphic artist</subfield></datafield><datafield tag="856" ind1="4" ind2=" "><subfield code="u">http://resolver.libis.be/IE4868448/representation</subfield><subfield code="y">KU Leuven Libraries BIBC BRES GYa00014</subfield></datafield><datafield tag="900" ind1=" " ind2=" "><subfield code="a">NO DEDUP</subfield></datafield><datafield tag="950" ind1=" " ind2=" "><subfield code="b">porcelain-card(s)</subfield></datafield><datafield tag="950" ind1=" " ind2=" "><subfield code="b">lithograph(s)</subfield></datafield><datafield tag="957" ind1=" " ind2=" "><subfield code="a">USINES HYDRAULIQUES &amp; A VAPEUR / de WYGMAEL près LOUVAIN.</subfield><subfield code="b">bovenaan, centraal</subfield></datafield><datafield tag="957" ind1=" " ind2=" "><subfield code="a">1862 / LONDINI / HONORIS / CAUSA</subfield><subfield code="b">bovenaan, rechts</subfield></datafield><datafield tag="957" ind1=" " ind2=" "><subfield code="a">MOULIN À RIZ. / Amidonnerie.</subfield><subfield code="b">midden, links</subfield></datafield><datafield tag="957" ind1=" " ind2=" "><subfield code="a">MOULIN A FARINE. / huilerie.</subfield><subfield code="b">midden, rechts</subfield></datafield><datafield tag="957" ind1=" " ind2=" "><subfield code="a">EDOUARD REMY &amp; CIE. / LOUVAIN &amp; ANVERS.</subfield><subfield code="b">onderaan, centraal</subfield></datafield><datafield tag="957" ind1=" " ind2=" "><subfield code="a">Etabl. lith. S.Mayer à Anvers.</subfield><subfield code="b">onderaan, links</subfield></datafield><datafield tag="981" ind1=" " ind2=" "><subfield code="a">Digital title KU Leuven Libraries</subfield></datafield></record>