<record><leader>01613nkm a2200361 a 4500</leader><controlfield tag="001">9985109930101488</controlfield><controlfield tag="005">20200503115639.0</controlfield><controlfield tag="008">110204q18uu    xx nnn            ||fre d</controlfield><datafield tag="035" ind1=" " ind2=" "><subfield code="a">(BeLVLBS)008510993LBS01-Aleph</subfield></datafield><datafield tag="040" ind1=" " ind2=" "><subfield code="a">BeLVLBS</subfield><subfield code="b">Language of cataloging varies</subfield><subfield code="e">rda based</subfield></datafield><datafield tag="245" ind1="0" ind2="0"><subfield code="a">Hôtel de la Cour de Mons, Tenu par Joseph C. Cerckel</subfield></datafield><datafield tag="260" ind1=" " ind2=" "><subfield code="c">s.d</subfield><subfield code="3">1800-1900</subfield></datafield><datafield tag="300" ind1=" " ind2=" "><subfield code="c">133 x 90 mm.</subfield></datafield><datafield tag="336" ind1=" " ind2=" "><subfield code="a">still image</subfield><subfield code="2">rdacontent</subfield></datafield><datafield tag="337" ind1=" " ind2=" "><subfield code="a">unmediated</subfield><subfield code="2">rdamedia</subfield></datafield><datafield tag="338" ind1=" " ind2=" "><subfield code="a">card</subfield><subfield code="2">rdacarrier</subfield></datafield><datafield tag="340" ind1=" " ind2=" "><subfield code="a">Graphic</subfield></datafield><datafield tag="340" ind1=" " ind2=" "><subfield code="o">Multi coloured ;</subfield></datafield><datafield tag="542" ind1=" " ind2=" "><subfield code="l">public domain</subfield><subfield code="n">available as open data</subfield><subfield code="u">gebruiksvoorwaarden</subfield></datafield><datafield tag="650" ind1=" " ind2="7"><subfield code="2">KUL</subfield><subfield code="a">VoL Gebouw</subfield><subfield code="x">Leuven, Stadhuis</subfield></datafield><datafield tag="650" ind1=" " ind2="7"><subfield code="2">KUL</subfield><subfield code="a">VoL Gebtype</subfield><subfield code="x">stadhuizen</subfield></datafield><datafield tag="653" ind1=" " ind2="6"><subfield code="a">Commercial chart</subfield></datafield><datafield tag="700" ind1="1" ind2=" "><subfield code="a">Stevens, P.</subfield><subfield code="4">art</subfield><subfield code="3">graphic artist</subfield></datafield><datafield tag="700" ind1="1" ind2=" "><subfield code="a">Barella, P.</subfield><subfield code="g">Belgian lithographer, active second half 19th century</subfield><subfield code="4">art</subfield><subfield code="3">printer</subfield></datafield><datafield tag="856" ind1="4" ind2=" "><subfield code="u">http://resolver.libis.be/IE4868476/representation</subfield><subfield code="y">KU Leuven Libraries BIBC BRES GYa00018</subfield></datafield><datafield tag="900" ind1=" " ind2=" "><subfield code="a">NO DEDUP</subfield></datafield><datafield tag="950" ind1=" " ind2=" "><subfield code="b">porcelain-card(s)</subfield></datafield><datafield tag="950" ind1=" " ind2=" "><subfield code="b">lithograph(s)</subfield></datafield><datafield tag="957" ind1=" " ind2=" "><subfield code="a">Lith. de P. Barella à Louvain</subfield><subfield code="b">midden, links</subfield></datafield><datafield tag="957" ind1=" " ind2=" "><subfield code="a">P.S.</subfield><subfield code="b">midden, rechts</subfield></datafield><datafield tag="957" ind1=" " ind2=" "><subfield code="a">HÔTEL DE VILLE DE LOUVAIN.</subfield><subfield code="b">onderaan, centraal</subfield></datafield><datafield tag="957" ind1=" " ind2=" "><subfield code="a">HÔTEL DE LA COUR DE MONS, / Tenu par / JOSEPH C.CERCKEL, / A LOUVAIN.</subfield><subfield code="b">onderaan, centraal</subfield></datafield><datafield tag="957" ind1=" " ind2=" "><subfield code="a">(Curiosités) L'Hôtel de Ville, la Cathédrale, l'Eglise de Ste.Gertrude, / la Superbe Galerie de Tableaux de Mr. Vandenschrieck, la biblio= / =thèque de l'Université, le Chateau d'Heverlé de Monseigneur le / Duc d'Aremberg, le Chateau de Wespelaer &amp;a. &amp;a.</subfield><subfield code="b">onderaan, centraal</subfield></datafield><datafield tag="981" ind1=" " ind2=" "><subfield code="a">Digital title KU Leuven Libraries</subfield></datafield></record>