<record><leader>02639nkm a2200409 a 4500</leader><controlfield tag="001">9985112470101488</controlfield><controlfield tag="005">20200503114923.0</controlfield><controlfield tag="008">110204q18uu    xx nnn            ||fre d</controlfield><datafield tag="035" ind1=" " ind2=" "><subfield code="a">(BeLVLBS)008511247LBS01-Aleph</subfield></datafield><datafield tag="040" ind1=" " ind2=" "><subfield code="a">BeLVLBS</subfield><subfield code="b">Language of cataloging varies</subfield><subfield code="e">rda based</subfield></datafield><datafield tag="245" ind1="0" ind2="0"><subfield code="a">Hôtel du Sauvage</subfield></datafield><datafield tag="260" ind1=" " ind2=" "><subfield code="c">s.d</subfield><subfield code="3">1800-1900</subfield></datafield><datafield tag="300" ind1=" " ind2=" "><subfield code="c">95 x 146 mm.</subfield></datafield><datafield tag="336" ind1=" " ind2=" "><subfield code="a">still image</subfield><subfield code="2">rdacontent</subfield></datafield><datafield tag="337" ind1=" " ind2=" "><subfield code="a">unmediated</subfield><subfield code="2">rdamedia</subfield></datafield><datafield tag="338" ind1=" " ind2=" "><subfield code="a">card</subfield><subfield code="2">rdacarrier</subfield></datafield><datafield tag="340" ind1=" " ind2=" "><subfield code="a">Graphic</subfield></datafield><datafield tag="340" ind1=" " ind2=" "><subfield code="o">Multi coloured ;</subfield></datafield><datafield tag="542" ind1=" " ind2=" "><subfield code="l">public domain</subfield><subfield code="n">available as open data</subfield><subfield code="u">gebruiksvoorwaarden</subfield></datafield><datafield tag="650" ind1=" " ind2="7"><subfield code="2">KUL</subfield><subfield code="a">VoL Straat</subfield><subfield code="x">Leuven, Margarethaplein (voorheen : Botermarkt)</subfield></datafield><datafield tag="653" ind1=" " ind2="6"><subfield code="a">Commercial chart</subfield></datafield><datafield tag="700" ind1="1" ind2=" "><subfield code="a">Barella, P.</subfield><subfield code="g">Belgian lithographer, active second half 19th century</subfield><subfield code="4">art</subfield><subfield code="3">printer and/or graphic artist</subfield></datafield><datafield tag="856" ind1="4" ind2=" "><subfield code="u">http://resolver.libis.be/IE4868511/representation</subfield><subfield code="y">KU Leuven Libraries BIBC BRES GYa00023</subfield></datafield><datafield tag="900" ind1=" " ind2=" "><subfield code="a">NO DEDUP</subfield></datafield><datafield tag="950" ind1=" " ind2=" "><subfield code="b">porcelain-card(s)</subfield></datafield><datafield tag="950" ind1=" " ind2=" "><subfield code="b">lithograph(s)</subfield></datafield><datafield tag="957" ind1=" " ind2=" "><subfield code="a">HÔTEL DY SAUVAGE, / Place Ste. Marguerite N°.4, / ENTIEREMENT RESTAURÉ A NEUF, / Situé au centre de la ville près / la Cathédrale et l'hôtel de Ville / TENU PAR / J. F. DE KEYSER, / Successeur de MME. VVE. MULS</subfield><subfield code="b">midden, centraal</subfield></datafield><datafield tag="957" ind1=" " ind2=" "><subfield code="a">Service de l'Hôtel.</subfield><subfield code="b">bovenaan, links</subfield></datafield><datafield tag="957" ind1=" " ind2=" "><subfield code="a">Table d'hôte à 1 heure / repas particulier à / toute heure et à l'ar= / =rivé des convois du / chemin de Fer et / des diligences de / Bruxelles. Namur / et de Diest. Distributions.</subfield><subfield code="b">midden, links</subfield></datafield><datafield tag="957" ind1=" " ind2=" "><subfield code="a">Salons et apparte= / =ments pour familles / Ecuries pour 20 che= / =vaux remises vas= / =tes et commodes. / Agrements.</subfield><subfield code="b">midden, links</subfield></datafield><datafield tag="957" ind1=" " ind2=" "><subfield code="a">Salle de Bains. / Jardin d'agrement.</subfield><subfield code="b">onderaan, links</subfield></datafield><datafield tag="957" ind1=" " ind2=" "><subfield code="a">Service des Messageries.</subfield><subfield code="b">bovenaan, rechts</subfield></datafield><datafield tag="957" ind1=" " ind2=" "><subfield code="a">Nureau de J.B.Van Gend et Cie / Diligence de Louvain à / Namur et vice-versa. / Départ de Louvain à 2 / heures de relevée et de Na= / =mur à 6 h du matin à / l'hôtel d'Harescamps.</subfield><subfield code="b">midden, rechts</subfield></datafield><datafield tag="957" ind1=" " ind2=" "><subfield code="a">Diligence de Louvain à / Diest et vice versa par / Winghe St.Georges. / Départ de Louvain à 2 1/2 h. / de relevée et de Diest à 6 / h. du matin à l'hôtel de la / couronne de France en / correspondance avec Has= / =selt la Campine Beverloo / et toute la Hollande.</subfield><subfield code="b">onderaan, rechts</subfield></datafield><datafield tag="957" ind1=" " ind2=" "><subfield code="a">Le Seul Hôtel qui puisse remplacer / dignement l'ancien Hôtel de Cologne.</subfield><subfield code="b">onderaan, centraal</subfield></datafield><datafield tag="957" ind1=" " ind2=" "><subfield code="a">L'omnibus de l'Hôtel se trouve à la Station / à chaque arrivé pour conduire M. M. les voy= / ageurs directement à l'Hôtel.</subfield><subfield code="b">onderaan, centraal</subfield></datafield><datafield tag="957" ind1=" " ind2=" "><subfield code="a">Lith. de P. Barella à Louvain.</subfield><subfield code="b">onderaan, centraal</subfield></datafield><datafield tag="981" ind1=" " ind2=" "><subfield code="a">Digital title KU Leuven Libraries</subfield></datafield></record></collection>